2684 4830
186 386 206 467 r,
588 382 854 450 PRAEFATlo

184 529 291 584 essent
317 513 463 580 inventu.
490 514 564 581 Usu
583 515 672 581 enirn
697 513 833 582 edoctus
857 514 1018 601 sciebam,
1040 537 1137 607 quam
1164 515 1250 584 mul·
1341 587 1342 590 ,

183 636 254 691 tum
282 644 368 714 saepe
392 618 550 714 temporis
574 617 733 688 inutiliter
755 618 1016 688 consumendum
1041 621 1083 688 sit
1104 621 1138 687 in
1156 621 1247 690 evol·
1341 607 1342 668 l

183 726 297 797 vendis
319 723 417 809 locis,
441 722 661 819 negligentius
685 724 843 794 adductis.
875 726 980 819 Igitur
1001 723 1250 819 diligentissime

183 832 311 902 excussi
327 830 421 915 loca,
441 832 549 899 aviris
563 829 664 899 celeb.
682 831 854 900 Scheffero
870 846 904 899 et
920 831 1156 927 Oudendorpio
1175 830 1248 903 lau·

182 939 279 1026 data,
307 952 340 1006 et
363 937 449 1006 male
476 937 576 1006 citata
601 937 793 1022 emendavi,
821 937 954 1005 liberius
979 961 1059 1005 vero
1085 952 1118 1005 et
1148 940 1248 1009 nimis

180 1069 266 1140 vage
288 1043 432 1113 adducta
450 1044 635 1112 accuratius
653 1042 804 1111 indicavi.
826 1046 869 1110 In
889 1044 1004 1136 quosi
1025 1041 1136 1111 multis
1153 1044 1247 1137 justo

182 1149 352 1219 sollicitior
372 1148 486 1234 fuisse,
507 1161 542 1217 et
561 1149 694 1217 nimiam
708 1173 747 1218 ac
759 1148 934 1218 obscuram
956 1147 1159 1243 diligentiam
1182 1151 1246 1219 ad·

181 1256 325 1324 hibuisse
342 1254 473 1342 videar,
487 1251 577 1322 nulla
595 1253 658 1321 alia
677 1279 712 1322 re
730 1279 885 1324 excusare
902 1279 956 1324 me
974 1280 1125 1348 possum,
1143 1281 1246 1349 quarn

180 1362 283 1430 nimio
304 1359 466 1429 lectorum
491 1359 668 1430 commodo
692 1360 889 1429 inserviendi
914 1359 1032 1430 studio.
1060 1360 1245 1432 Plurimum

180 1483 291 1536 autem
311 1466 393 1535 mihi
411 1465 536 1561 profuit
556 1466 591 1534 in
611 1466 676 1535 hoc
697 1464 810 1534 labore
828 1464 940 1536 multis
964 1467 1047 1536 raris
1068 1481 1100 1535 et
1119 1469 1245 1561 pretio-

180 1575 223 1643 sis
248 1572 339 1642 lihris
362 1572 614 1642 instructissima
634 1569 833 1640 bibliotheca
855 1570 1009 1666 Longolii
1033 1575 1156 1661 nostri,
1180 1576 1244 1643 viri

179 1679 221 1747 de
241 1704 295 1747 me
318 1679 464 1773 meisque
484 1676 600 1747 studiis
623 1678 753 1772 egregie
778 1679 904 1764 meriti,
927 1702 989 1771 pro
1010 1678 1104 1772 cujus
1125 1678 1244 1750 burna·

178 1772 281 1854 nitate
309 1784 375 1853 hoc
403 1782 478 1853 loco
505 1783 632 1852 debitas
661 1785 782 1878 gratias
806 1807 879 1878 ago.
907 1784 971 1852 Hic
991 1785 1077 1851 enim
1097 1786 1159 1853 Vir
1179 1786 1242 1855 cel.

177 1888 338 1985 plurimos
357 1887 459 1958 libros
480 1913 611 1958 mecum
633 1890 908 1975 communicavit,
928 1904 966 1958 ut
983 1914 1088 1983 pauca
1110 1905 1240 1961 tantum

176 1995 251 2067 loca
269 1996 448 2090 supersint,
466 2020 539 2089 quae
556 1994 634 2063 fidei
647 2008 821 2065 auctorum
838 1994 1051 2088 relinquenda
1068 1995 1213 2066 fuerunt.

230 2098 353 2171 Praeter
377 2125 416 2168 ea
440 2098 554 2169 sedulo
575 2101 669 2187 cavi,
696 2125 737 2168 ne
763 2101 835 2169 haec
860 2099 961 2169 editio
981 2102 1061 2169 vitia
1084 2116 1241 2197 typogra-

178 2207 296 2301 phica,
317 2208 351 2274 in
385 2205 615 2299 Oudendorpii
646 2205 788 2275 editione
817 2208 1044 2294 occurrentia,
1064 2209 1242 2297 retineret,

176 2328 275 2407 atque
296 2312 390 2381 novis
408 2325 694 2405 conspurcaretur.
723 2312 832 2404 Atque
853 2313 910 2404 qui
930 2325 1105 2406 utramque
1123 2314 1242 2383 editio·

87 2488 90 2493 ,
175 2443 252 2486 nem
267 2420 353 2487 inter
371 2441 405 2486 se
423 2418 575 2486 conferre
593 2415 685 2503 velit,
699 2418 844 2486 inveniet
856 2419 1008 2506 omnino,
1026 2418 1113 2487 hanc
1128 2419 1243 2490 editio-

174 2549 252 2592 nem
267 2523 557 2617 Oudendorpianae
571 2522 704 2617 quidem
719 2522 881 2617 elegantia
896 2537 1051 2618 typorum
1067 2539 1101 2594 et
1114 2526 1241 2597 chartae

176 2629 351 2725 splendore
375 2627 546 2723 paululum
573 2628 706 2716 cedere,
731 2628 837 2697 eidem
864 2642 975 2696 tamen
1002 2629 1067 2698 hoc
1093 2630 1240 2724 palmam

176 2736 371 2830 praeripere,
399 2734 489 2829 quod
519 2733 624 2803 multo
653 2735 825 2829 pauciores
853 2759 982 2803 errores
1007 2739 1239 2831 typographici

175 2844 209 2909 in
227 2842 290 2911 hac
309 2843 527 2910 inveniantur.
549 2843 667 2934 Neque
687 2854 799 2908 tamen
817 2841 928 2909 omnia
944 2842 1041 2928 vitia,
1058 2844 1149 2910 omni
1162 2842 1241 2914 licet

176 2947 324 3016 adhibita
340 2946 526 3042 diligentia,
549 2945 663 3015 tollere
684 2947 786 3040 potui.
804 2949 1015 3039 Irrepserunt
1035 2949 1123 3015 enim
1147 2973 1239 3041 quae·
1341 2993 1342 3020 v

176 3053 273 3142 dam,
296 3054 450 3133 humanae
475 3050 704 3120 imbecillitatis
730 3066 764 3121 et
791 3053 993 3121 oscitationis
1017 3052 1238 3143 documenta,
1340 3101 1342 3128 i

175 3185 249 3253 quae
277 3184 390 3254 aequus
415 3158 517 3250 judex
550 3156 644 3227 facile
673 3158 753 3226 mihi
778 3155 989 3227 condonabit.
1018 3161 1102 3227 Sunt
1121 3174 1236 3231 autem

175 3264 265 3334 haec:
282 3291 356 3360 pag.
373 3263 499 3348 15,lin.
515 3262 806 3357 3,pr0ffamma‚
825 3262 896 3358 lege
902 3262 1077 3354 flamiam
1091 3291 1124 3360 p.
1150 3290 1238 3363 107,
1335 3313 1342 3339 t

176 3370 237 3439 col.
258 3371 289 3439 b.
308 3370 364 3438 lin.
384 3369 456 3439 (iet
471 3370 510 3458 8,
529 3370 779 3464 profecerant,
800 3369 871 3464 lege
883 3370 1071 3461 fecerim&
1089 3397 1121 3466 p.
1150 3372 1237 3460 188,
1334 3423 1342 3447 .

176 3475 238 3546 col.
264 3478 297 3545 h.
323 3475 379 3545 lin.
413 3479 476 3564 14,
501 3478 639 3569 Eutrop.
665 3479 763 3562 IIII,
788 3474 831 3563 6,
858 3474 929 3570 lege
962 3479 1100 3573 Eutrop.
1127 3480 1172 3565 V,
1199 3482 1236 3565 4.

173 3584 216 3650 In
236 3580 432 3676 quibusdam
454 3579 611 3675 exemplis
632 3583 730 3650 etiam
749 3605 822 3676 pag.
844 3604 929 3677 117,
949 3580 1009 3650 col.
1029 3582 1062 3651 b.
1087 3581 1142 3651 lin.
1169 3607 1237 3672 u,
1334 3611 1342 3633 ·

173 3689 209 3756 in
231 3713 313 3757 voce
334 3690 468 3784 Apulia
488 3686 575 3756 linea
597 3700 688 3755 recta
705 3702 892 3756 transversa
916 3712 1015 3782 super
1037 3686 1190 3757 ultimum
1210 3714 1237 3759 a
1328 3762 1334 3773 ,

109 3808 114 3819 ’
174 3794 346 3889 ponenda,
370 3796 489 3863 omissa
515 3807 582 3878 est;
608 3807 642 3860 et
665 3816 738 3886 pag.
769 3792 835 3888 89,
860 3792 974 3861 colb.
999 3792 1053 3861 lin.
1076 3793 1177 3883 5,6,
1199 3797 1235 3863 in
1330 3848 1332 3868 ‚

173 3902 287 3995 paucis
298 3898 456 3995 exemplis
470 3914 519 3967 cst
524 3899 685 3991 fulmina
690 3901 881 3994 pleraque,
893 3925 955 3995 pro
959 3899 1114 3991 fulmine
1117 3903 1237 3997 plera·
1328 3956 1342 3981 .,

172 4033 246 4100 que.
269 4006 367 4076 Plura
389 4005 537 4074 invenire
555 4029 622 4073 non
639 4006 741 4098 potui.
