2684 4830
127 351 1200 385 ΜΜΜΙΜΜΒΦἋΜἫὲὶἋἱΦὶὶΆΜἺἏὶἊΜΜῦἏΜΒἋἋΜΆδὶὶδ

127 571 179 651 Al)
196 532 543 624 1N81GNEMP1nrnTn
564 573 609 624 Ac
625 569 852 624 ERUDITIONE
868 570 1006 639 VIRUM,
1022 571 1198 625 DOMINUM

322 706 734 838 lucusrmnu
763 754 1010 837 nlccur

203 972 553 1080 CONRADI
592 972 1131 1099 LYCOSTHENIS

131 1213 520 1309 RUBEAQUENSIS
541 1214 595 1281 IN
616 1213 808 1281 JULIUM
831 1213 1202 1307 OBSEQUENTEM

417 1393 916 1543 PRAEFATIO.

361 1644 972 1682 »W

134 1815 320 1984 Quarum
337 1876 487 1930 veterum
505 1862 735 1928 Romanorum
752 1863 788 1928 in
809 1860 908 1930 rebus
929 1863 1080 1955 gerendis
1103 1866 1202 1936 fuerit

132 1971 266 2063 religio,
281 1993 358 2037 cum
373 1967 510 2036 infinitis
523 1963 700 2060 exemplis,
715 1991 788 2060 quae
803 1967 1016 2077 historiarum
1030 1969 1127 2040 lectio
1142 1997 1201 2042 no·

132 2077 184 2146 bis
195 2074 398 2170 suppeditat,
409 2088 481 2142 tum
490 2098 532 2141 ex
541 2099 581 2141 eo
591 2073 733 2140 maxime
745 2071 863 2167 liquet,
877 2074 968 2169 quod
978 2075 1070 2146 domi
1080 2077 1202 2148 forisve

132 2181 216 2252 nihil
229 2182 372 2277 egerint,
381 2182 444 2248 nisi
454 2204 613 2274 augures,
623 2204 706 2273 quos
719 2179 857 2254 deorum
871 2182 1092 2252 internuntios
1108 2186 1204 2255 inter·

132 2304 309 2383 pretesque
332 2286 515 2372 vocabant,
540 2286 631 2379 prins
656 2285 917 2374 consuluissent,
941 2314 1084 2381 quorum
1111 2305 1203 2360 tanta

132 2410 207 2463 erat
220 2394 380 2488 dignitas,
395 2406 433 2460 ut
449 2416 522 2493 non
532 2391 634 2460 modo
649 2392 683 2460 in
702 2407 852 2461 senatum
867 2394 1129 2483 ascriberentur,
1144 2397 1202 2466 sed

133 2498 271 2594 singulis
295 2523 427 2593 quoque
453 2497 606 2566 tribubus
633 2497 752 2591 singuli
780 2498 1038 2592 praeficerentur.
1063 2500 1202 2572 lllorum

132 2631 257 2674 munus
271 2619 344 2673 erat
356 2630 397 2673 ex
412 2604 529 2672 avibus
546 2605 701 2672 vaticinia
713 2605 908 2693 observare,
921 2605 1060 2674 deorum
1076 2611 1203 2678 monita

134 2710 370 2805 contemplari,
398 2710 439 2779 de
465 2710 641 2804 prodigiis,
668 2711 819 2796 somniis,
846 2711 1004 2797 oraculis,
1029 2717 1203 2807 portentis,

133 2819 284 2911 extisque
298 2842 367 2887 non
379 2831 508 2885 tantum
522 2816 682 2885 divinitus
701 2816 847 2884 revelata
861 2842 1019 2912 responsa
1028 2819 1129 2907 dare,
1143 2823 1202 2891 sed
1246 2846 1252 2860 ·

134 2924 256 3018 quibus
272 2925 372 2992 etiam
391 2923 491 2993 sacris
510 2946 548 2990 ac
568 2920 878 3016 supplicationibus,
893 2925 973 2992 item
987 2924 1029 2992 ad
1043 2951 1116 3019 quae
1128 2928 1201 3021 pul-

134 3032 265 3099 vinaria
292 3030 430 3099 deorum
459 3027 648 3123 reipublicae
675 3052 820 3097 romanae
846 3027 985 3097 salutern
1015 3032 1201 3125 expiarent,

135 3138 317 3205 enuntiare.
347 3138 434 3204 Hinc
463 3134 567 3204 multa
592 3135 702 3209 statim
728 3136 950 3229 auspiciorum
978 3160 1100 3229 genera
1126 3154 1204 3208 nata

136 3257 230 3330 sunt,
244 3267 384 3336 quarum
401 3241 551 3335 quaedam
564 3267 604 3310 ex
618 3241 715 3330 caelo,
729 3241 861 3329 avibus,
874 3241 1044 3336 tripudiis,
1057 3243 1202 3336 quadru-

136 3348 294 3443 pedibus,
305 3348 455 3442 quaedam
469 3373 509 3416 ex
521 3348 616 3434 diris,
628 3371 667 3416 ac
678 3373 698 3415 a
709 3363 828 3416 natura
842 3346 939 3442 plane
950 3348 1204 3420 abhorrentibus

137 3455 332 3523 observata:
348 3453 411 3522 alia
429 3456 508 3522 item
523 3453 666 3542 caduca,
680 3480 782 3547 quum
799 3456 832 3521 in
848 3453 972 3549 templo
987 3480 1046 3549 per
1063 3479 1205 3548 augures

137 3576 279 3647 metato,
301 3560 423 3655 aliquid
441 3561 636 3647 excidisset3
657 3558 814 3654 pleraque
834 3559 948 3648 clivia,
964 3585 1036 3655 quae
1052 3561 1206 3632 videlicet

137 3665 317 3736 difficulter
345 3666 562 3753 eveniebant,
591 3665 788 3735 dictasunt.
818 3665 964 3759 ideoque
991 3669 1018 3735 si
1042 3665 1203 3762 lapidibus

137 3770 291 3866 pluisset,
306 3771 507 3841 novemdiali
529 3797 659 3865 semper
682 3797 775 3841 sacro
795 3775 961 3865 expiatum
983 3788 1050 3860 est,
1069 3789 1205 3844 auctore

136 3879 248 3951 Livio.
270 3881 305 3948 si
322 3905 403 3949 vero
422 3877 566 3949 caelestes
583 3881 699 3966 minae,
718 3893 919 3963 terroresve,
931 3893 996 3946 aut
1011 3893 1095 3948 tetra
1114 3905 1203 3949 nun-

136 3987 302 4058 tiarentur
314 3987 480 4081 prodigia,
491 3985 543 4055 vel
556 3986 583 4055 si
595 3984 756 4056 terribiles
767 3987 905 4079 species,
920 3999 977 4053 aut
990 3985 1069 4078 qnid
1080 4012 1205 4056 novum

1012 4103 1049 4185 ,l
