2684 4830
192 415 238 458 22
585 384 855 457 PRAEFATIO

189 537 223 590 et
240 547 310 615 quo
322 502 460 614 quaeque
475 534 641 613 tempore,
656 521 841 615 quibusque
855 546 965 589 rerum
981 525 1157 592 momentis
1172 529 1258 596 acci-

188 627 318 714 derint,
353 627 527 720 diligenter
558 628 817 696 annotavissent.
846 631 976 697 Horum
1005 632 1154 699 omnium
1181 636 1260 727 quia

168 736 322 821 Livius,
343 736 428 802 sicut
450 735 485 800 in
508 735 634 802 caeteris
662 734 786 820 rebus,
807 735 854 802 ita
883 740 1014 828 quoque
1043 737 1078 802 in
1099 737 1259 833 prodigiis

187 840 398 908 recensendis
410 840 676 909 accuratissimus
691 839 856 928 fuit,licet
871 841 942 934 ipse
959 840 1084 910 nullam
1105 844 1144 911 iis
1157 843 1258 914 fidem

187 946 360 1033 habuerit,
377 960 435 1014 aut
450 970 565 1014 eorum
580 947 648 1014 vim
664 949 855 1039 agnoverit,
870 945 955 1016 illius
969 947 1194 1019 voluminibus
1208 975 1259 1020 ex·

188 1055 329 1148 serpsit,
343 1067 377 1120 et
394 1055 428 1119 in
446 1077 552 1120 unum
568 1055 662 1147 quasi
679 1051 890 1137 fasciculum,
909 1078 982 1147 quae
999 1053 1041 1121 ad
1059 1054 1211 1149 prodigia
1226 1071 1259 1126 et

187 1158 358 1252 publicam
379 1157 511 1228 illorum
533 1161 802 1254 procurationem
818 1161 1002 1254 pertinent,
1018 1185 1095 1228 eum
1109 1163 1143 1228 in
1156 1161 1258 1232 finem

189 1263 357 1360 colligavit
369 1269 398 1334 J.
414 1265 629 1360 Obsequens,
642 1281 681 1334 ut
695 1265 783 1335 facili
795 1269 929 1360 negotio
945 1269 1100 1360 cognosci
1110 1293 1129 1336 a
1140 1272 1258 1361 quovis

188 1386 318 1464 posset,
345 1370 472 1466 qualia,
500 1387 534 1440 et
557 1373 675 1466 quibus
699 1371 780 1441 locis
809 1397 847 1441 ac
873 1373 1078 1467 temporibus
1108 1375 1258 1470 prodigia

188 1481 379 1570 apparuisse
400 1480 588 1547 nuntiatum
609 1494 642 1547 et
660 1478 823 1547 creditum
839 1479 888 1551 sit.
905 1471 1076 1573 Nobisque
1090 1480 1155 1548 hoc
1170 1481 1258 1550 facto

188 1598 310 1676 praeter
321 1584 376 1654 illa
388 1585 607 1679 quorumdam
619 1587 746 1654 rituum
760 1586 1001 1678 cognitionem,
1018 1587 1075 1680 qui
1086 1584 1181 1660 aliter
1192 1596 1260 1656 una

190 1714 267 1758 eum
284 1693 369 1760 Livii
388 1691 566 1786 deperditis
583 1690 675 1760 libris
690 1717 752 1759 nos
767 1689 957 1779 latuissent,
974 1694 1165 1762 reservavit.
1179 1697 1259 1763 Haec

189 1820 293 1888 quum
308 1799 354 1866 ita
367 1801 433 1867 sint
443 1851 453 1884 ,
463 1823 532 1867 non
546 1800 678 1867 inanem
693 1796 841 1866 laborem
854 1823 908 1867 me
923 1800 1170 1893 insumpturum
1189 1824 1259 1868 esse

189 1905 391 1992 existimavi,
408 1906 433 1972 si
456 1903 600 1991 laceras,
618 1918 652 1972 et
670 1903 765 1973 foedis
783 1907 904 2000 passim
921 1904 1059 1974 maculis
1073 1907 1259 2000 inquinatas

189 2008 289 2102 hujus
310 2013 478 2106 scriptoris
495 2009 649 2104 reliquias
665 2012 811 2103 majore,
828 2035 928 2105 quam
949 2026 1046 2080 antea
1064 2011 1127 2079 fuit
1138 2015 1260 2106 praesti·

190 2128 279 2202 tum,
292 2141 373 2185 cura
386 2132 419 2186 et
430 2116 591 2185 industria
600 2116 792 2206 emendare,
802 2132 835 2185 et
846 2118 1007 2212 pristinae,
1019 2132 1179 2211 quantum
1190 2143 1260 2211 pos·

191 2221 248 2308 sit,
263 2223 445 2317 integritati
456 2224 628 2292 restituere
640 2246 787 2290 conarer.
805 2224 900 2291 Licet
914 2225 1003 2291 enim
1012 2224 1064 2290 vir
1075 2225 1173 2292 variae
1191 2249 1260 2292 eru·

190 2325 322 2396 ditionis
337 2328 433 2397 laude
449 2327 681 2396 celeberrimus
695 2332 713 2396 J
715 2353 838 2397 oannes
849 2327 1055 2415 Schefferus,
1066 2331 1121 2423 qui
1131 2333 1258 2423 primus

192 2432 438 2527 Obsequentem
464 2435 551 2502 notis
576 2436 644 2502 suis
673 2433 836 2529 explicare
861 2458 1035 2528 aggressus
1058 2449 1126 2519 est,
1155 2434 1260 2504 multa

187 2538 257 2630 jam
277 2541 475 2627 correxerit,
493 2538 643 2635 plurimis
664 2553 776 2608 tamen
797 2542 831 2607 in
849 2538 928 2608 locis
950 2565 1021 2608 rem
1044 2539 1129 2609 male
1145 2544 1260 2635 gessit,

181 2659 225 2712 aet
250 2669 329 2714 sane
356 2645 530 2715 infeliciter
554 2647 703 2714 criticam
731 2647 765 2713 in
791 2646 883 2718 hunc
901 2649 1071 2715 auctorem
1093 2650 1258 2717 exercuit:

191 2751 283 2843 quod
306 2767 426 2845 praeter
449 2752 531 2821 alios
548 2751 653 2820 etiam'
664 2766 779 2820 monet
804 2751 1010 2821 doctissimus
1032 2756 1082 2821 J0.
1104 2752 1260 2822 Albertus

192 2859 364 2927 Fabricius
382 2860 415 2926 in
433 2857 639 2927 Bibliotheca
654 2857 769 2943 latina,
790 2882 865 2952 pag.
889 2882 1062 2947 nxxxvn,
1080 2874 1114 2928 et
1134 2861 1169 2927 in
1187 2861 1259 2954 ipso

192 2989 294 3058 opere
323 2962 442 3034 clarius
473 2964 609 3060 patebit.
642 2967 760 3059 Itaque
789 2963 963 3058 diligenter
989 2962 1082 3033 illum
1111 2963 1260 3034 lectitare

193 3072 296 3164 coepi,
315 3086 347 3140 et
366 3096 443 3140 cum
462 3069 677 3166 scriptoribus
698 3072 756 3164 qui
775 3070 836 3138 has
853 3071 1024 3158 historias,
1043 3085 1077 3138 et
1094 3069 1166 3140 haec
1187 3096 1259 3166 pro

193 3177 282 3271 digia
306 3179 445 3271 posteris
476 3176 698 3271 reliquerunt,
723 3176 898 3245 conferre:
926 3176 1112 3245 unde'non
1140 3202 1258 3271 parum

195 3284 363 3353 commodi
381 3299 415 3352 et
432 3284 581 3353 utilitatis
597 3285 718 3352 exoriri
736 3307 832 3377 posse
847 3282 1041 3365 cernebam3
1060 3307 1153 3370 nam,
1170 3308 1257 3378 prae-

195 3405 347 3483 terquam
376 3390 479 3485 quod.
493 3389 540 3458 illi
566 3414 681 3458 omnes
713 3390 832 3457 harum
860 3413 971 3456 rerum
997 3388 1190 3457 relationem
1220 3415 1260 3457 ex

196 3498 293 3566 Livio
312 3497 347 3564 in
365 3521 441 3566 suas
458 3497 611 3567 historias
627 3494 880 3583 transtulerunt,
896 3493 1028 3580 eadem,
1048 3494 1260 3589 ejusdemque

196 3605 275 3672 anni
300 3603 451 3697 prodigia
474 3603 590 3672 iisdem
618 3601 687 3671 fere
709 3601 818 3671 verbis
837 3600 878 3669 ab
900 3599 961 3669 illis
982 3603 1126 3684 narrari,
1151 3603 1260 3696 saepis-

196 3712 278 3779 sime
300 3709 513 3805 deprehendi.
537 3710 623 3778 Hinc
642 3707 776 3776 tandem
800 3722 886 3777 natae
908 3722 985 3776 sunt
1003 3732 1086 3776 meae
1105 3708 1260 3776 observa-

197 3820 323 3902 tiones,
345 3841 426 3911 quas
445 3841 535 3885 nunc
559 3816 761 3901 amicorum,
788 3829 825 3882 ut
853 3813 910 3902 fit,
937 3813 1100 3910 impulsu,
1126 3812 1261 3907 aliisque

198 3925 304 3992 oausis
321 3939 451 4010 motus,
480 3937 559 4008 tuo,
584 3920 743 3989 benevole
764 3920 889 4008 lector,
909 3920 1034 4013 judicio
1057 3944 1096 3988 ac
1117 3921 1261 4014 aequitati

199 4033 381 4100 committo.
400 4032 489 4100 Scias
511 4043 640 4116 tamen,
653 4027 729 4096 ¹illas
748 4053 816 4096 non
838 4028 880 4096 ad
901 4027 1094 4096 eruditionis
1116 4041 1259 4096 ostenta·
