2684 4830
201 388 1272 421 mmmmmuummumwwmnmmmmmmmwm

539 546 930 688 exesurus

707 793 764 846 EX

287 964 615 1092 siconi
674 920 1182 1093 puniacum

234 1250 783 1323 ANIMADVERSIONUM
821 1251 1239 1321 HISTORICARUM

567 1451 758 1521 CAPITE
789 1451 901 1517 VIII.

488 1653 566 1728 (Pag.
584 1656 757 1721 asi-336,
772 1653 836 1708 edit.
849 1651 989 1718 Harlesii.)

612 1833 852 1857 -ὒ-

206 1963 363 2078 Posino
383 2016 494 2070 autem
516 1999 684 2096 prodigia,
699 2023 772 2094 quae
793 1998 929 2093 singulis
943 2000 1037 2069 annis
1050 2002 1165 2070 Romae
1179 2026 1269 2071 nun-

203 2111 283 2178 tiata
302 2131 322 2175 a
337 2108 452 2202 priscis
466 2105 643 2176 Annalium
662 2104 890 2175 conditoribus
906 2121 1148 2194 memorantur,
1165 2133 1270 2201 quum

203 2202 300 2284 video
314 2238 399 2307 saepe
413 2212 527 2282 eadem
542 2213 691 2308 proxime
707 2212 917 2306 sequentibus
929 2213 1023 2282 annis
1036 2214 1159 2307 repeti,
1169 2216 1270 2283 etiam

203 2323 269 2391 boc
291 2321 467 2413 contigisse
486 2344 528 2388 ex
551 2345 590 2388 eo
609 2319 768 2406 arbitror,
790 2318 880 2412 quod
901 2320 978 2413 quia
997 2317 1154 2413 pleraque
1175 2336 1271 2391 erant

204 2430 331 2497 incerta
347 2417 381 2494 et
396 2425 486 2495 haud
504 2424 602 2494 dubie
620 2423 787 2510 sabulosa,
808 2448 828 2491 a
850 2426 964 2518 primis
989 2425 1205 2519 scriptoribus
1227 2427 1269 2495 ab

204 2533 273 2602 aliis
290 2535 325 2601 in
346 2531 446 2602 alium
464 2531 589 2600 fuerint
602 2530 705 2599 relata
723 2555 864 2618 annum,
885 2545 919 2599 et
936 2532 982 2599 ita
997 2556 1017 2599 a
1031 2533 1270 2626 posterioribus

205 2642 240 2707 in
255 2654 443 2732 utrumque.
457 2636 548 2705 Talia
561 2651 638 2707 sunt
651 2636 739 2731 apud
753 2636 1016 2731 Obsequentem,
1030 2639 1088 2730 qui
1105 2662 1143 2705 ea
1156 2640 1270 2707 omnia

206 2744 354 2838 collegit,
375 2745 461 2812 etin
482 2742 629 2838 singulos
653 2767 773 2831 annos,
799 2741 934 2837 singulis
962 2743 1124 2838 capitibus
1151 2743 1270 2813 distin-

104 2932 107 2940 ,
206 2867 277 2921 ctos
291 2840 441 2944 digessit,
452 2850 541 2944 quod
556 2856 592 2919 in
607 2873 692 2918 area
708 2851 860 2918 Vulcani
870 2866 905 2918 et
919 2849 1118 2920 Concordiae
1129 2857 1269 2944 sangru-

205 2983 282 3027 nem
289 2958 399 3052 plm't,
417 2981 489 3051 cap.
512 2953 557 3051 59
573 2971 607 3024 et
624 2958 693 3042 603
715 2959 786 3024 Bos
804 2957 972 3050 loquutus,
992 2979 1062 3049 cap.
1082 2953 1127 3026 85
1147 2970 1180 3023 et
1201 2955 1269 3045 863

208 3065 343 3132 Vz'tulus
358 3062 607 3157 hiremarum,
625 3086 696 3156 cap.
718 3085 763 3156 91
790 3075 823 3129 et
842 3084 912 3155 923
932 3061 1030 3130 Bubo
1045 3065 1081 3129 in
1099 3064 1238 3157 Capitol
1244 3067 1250 3080 ‘

207 3175 313 3256 ossus,
337 3193 409 3263 cap.
427 3191 477 3262 90
497 3183 531 3237 et
546 3192 616 3263 923
638 3171 745 3236 Lacte
754 3169 865 3263 pluit,
890 3192 961 3261 cap.
979 3164 1028 3262 95
1049 3181 1082 3235 et
1096 3165 1165 3262 963
1185 3170 1269 3237 Fre·

207 3280 308 3344 nn'tus
329 3299 500 3344 armorum
523 3298 570 3343 esc
591 3275 726 3365 imbreo
749 3273 909 3360 mutuo,
932 3298 1003 3366 cap.
1031 3269 1101 3343 105
1122 3287 1155 3343 et
1178 3273 1270 3362 1063

207 3383 325 3451 Mulus
349 3387 452 3476 tripes
473 3384 583 3449 Beate
603 3396 724 3467 natm,
749 3405 820 3475 cap.
843 3377 893 3449 60
914 3393 947 3447 et
968 3383 1026 3476 74.
1051 3382 1141 3474 Ergo
1165 3405 1270 3473 quum

151 3523 154 3536 ·
206 3489 303 3558 toties
326 3487 414 3556 idem
435 3485 533 3582 plane
554 3486 742 3581 prodigium
764 3486 921 3581 proximis
946 3487 1031 3554 inter
1054 3510 1088 3554 se
1107 3486 1270 3579 capitibus

206 3594 259 3664 vel
284 3594 378 3663 annis
400 3594 585 3688 expositum
609 3606 779 3680 occurrat,
800 3616 840 3660 ex
858 3615 969 3661 errore
991 3591 1025 3659 id
1049 3606 1160 3660 ortum
1182 3591 1271 3660 arbi-

206 3716 295 3789 tror,
318 3715 351 3768 et
369 3725 470 3795 porro
491 3698 732 3787 emendandum
757 3722 908 3768 censeam
929 3697 1175 3791 Obsequentem
1196 3722 1269 3792 cap.

210 3807 278 3895 80,
297 3830 399 3902 quum
421 3807 489 3874 ait:
516 3809 641 3877 Caurae
659 3809 836 3898 sanguinis
849 3808 913 3874 rivi
924 3829 945 3872 e
962 3801 1245 3894 terrufluxerunt
1254 3857 1268 3890 ,

206 3915 351 4007 reposito
375 3938 438 4007 pro
468 3914 611 3997 Caurae,
635 3910 725 4004 quod
752 3936 819 3979 non
847 3910 966 4004 injuria
993 3923 1182 4004 suspectum
1207 3908 1273 3979 suit

208 4019 339 4089 doctiss.
365 4017 554 4107 Scheffero,
575 4043 643 4086 non
668 4020 784 4105 Corae,
810 4032 847 4086 ut
868 4015 921 4085 ille
942 4016 1187 4110 suspicabatur,
1212 4015 1272 4085 sed
