2684 4830
262 352 652 422 PRODIGJIORUM
679 352 953 421 LIBELLUS.
1088 351 1136 440 45

76 499 195 555 contra
212 509 296 578 quos
315 499 427 553 tamen
442 482 546 553 Aulus
557 483 788 569 Posthumius,
802 497 836 552 et
849 485 887 551 L.
902 482 1008 553 Julius
1023 485 1140 554 volun·

76 593 237 660 tariorum
258 616 360 659 manu
382 588 539 684 profecti,
557 589 697 683 turpiter
711 588 875 681 fugarunt.

77 769 174 835 XIX.
190 770 230 834 P.
247 770 400 851 Lr'ciozo,
418 769 459 835 L.
478 770 625 849 Ticinio,
642 768 682 833 Ρ.
697 768 876 851 Menenio,
901 768 959 835 Cn.
975 769 1136 855 Genutro,

176 871 273 940 tribb.
287 874 461 942 mit-U.
478 873 516 939 C.
535 867 722 964 359.—A.
739 872 778 940 C.
797 867 882 965 393.
910 873 1041 964 Lycost.

132 1039 247 1116 *Veiis
258 1047 328 1138 jam
343 1061 420 1141 post
434 1045 567 1140 longam
583 1045 788 1115 obsidionem
805 1047 1020 1139 expugnatis,
1038 1071 1140 1140 quum

81 1145 211 1221 romani
228 1151 345 1220 milites
367 1152 401 1219 iu
419 1151 509 1220 urhis
527 1151 731 1245 direptione,
751 1150 889 1218 deorum
903 1152 1000 1219 etiam
1017 1165 1140 1222 statuas

80 1263 222 1327 Romam
249 1256 426 1326 transferre
452 1272 670 1343 conarentur,
694 1281 732 1325 ac
759 1256 911 1349 quidam,
939 1282 996 1325 seu
1025 1259 1141 1352 spiritu

81 1365 193 1433 divino
204 1378 328 1449 tactus,
342 1388 399 1431 seu
405 1361 541 1457 juvenili
550 1365 627 1457 joco
644 1362 685 1430 ad
699 1376 840 1430 statuam
853 1366 872 1431 J
874 1365 991 1430 unonis
1002 1363 1140 1451 diceret,

81 1473 184 1540 Visne
195 1473 336 1538 Romam
350 1470 414 1558 ire,
429 1468 540 1537 luno?
557 1484 771 1563 posteaquam
788 1468 893 1562 eapite
909 1470 1093 1556 annuisset,
1107 1496 1141 1540 se

82 1574 223 1643 libenter
242 1576 382 1659 ituram,
406 1598 527 1666 magna
551 1576 698 1642 omnium
722 1573 936 1641 admiratione
963 1576 1140 1668 respondit.

81 1681 180 1748 Unde
198 1683 341 1748 Romam
361 1679 396 1744 in
416 1680 615 1746 Aventinum
635 1695 791 1747 artemam
810 1679 921 1748 sedem
935 1704 1028 1747 suam
1043 1680 1144 1750 ducta

83 1801 156 1873 est,
185 1810 252 1879 quo
277 1798 356 1852 vota
382 1783 550 1852 dictatoris
577 1799 797 1871 vocaverant,
823 1784 1047 1879 templumque
1070 1789 1100 1855 ei
1122 1811 1141 1855 a

83 1890 222 1962 Camillo
244 1889 428 1958 dedicatum
453 1903 510 1957 est.
590 1952 593 1959 .

45 2056 159 2135 'XX.
179 2066 496 2157 Q;ServilroHulo,
514 2067 551 2131 L.
570 2066 1036 2149 GeorctioII‚coss.—U.C.
1056 2065 1142 2162 393.
1210 2070 1213 2077 ’
1307 2038 1314 2055 ’

407 2172 503 2237 -Α.
518 2173 555 2239 C.
571 2165 655 2262 3592
684 2171 816 2261 Lycost.

136 2338 275 2414 *Romae
288 2347 323 2413 in
335 2344 442 2412 medio
457 2343 542 2429 foro,
554 2343 622 2411 sive
638 2357 731 2410 motu
739 2357 845 2432 terrae,
860 2345 927 2412 sive
942 2370 1006 2438 qua
1021 2348 1052 2413 vi
1065 2347 1143 2438 alia,

83 2467 173 2521 terra
184 2475 284 2545 specu
297 2451 480 2519 vastissimo
492 2447 636 2543 collapsa
650 2463 713 2532 est,
727 2473 826 2541 quam
842 2464 936 2518 terrae
952 2454 1143 2545 voraginem

83 2582 183 2627 nemo
196 2581 302 2650 neque
316 2571 411 2624 terrae
424 2556 593 2647 conjectu,
605 2579 711 2646 neque
722 2553 789 2621 ulla
804 2556 918 2648 quavis
931 2555 992 2624 alia
1008 2563 1144 2630 materia

84 2663 216 2759 explere
232 2663 347 2756 potuit.
369 2661 605 2730 Infieiehantur
619 2674 730 2728 autem
751 2685 790 2728 ex
810 2660 903 2729 editis
920 2662 996 2730 inde
1012 2669 1144 2759 vapori·

85 2769 148 2838 bus
173 2766 441 2863 pestilentissimis
468 2764 648 2835 multorum
675 2766 848 2833 hominum
875 2792 1044 2861 corpora:
1073 2798 1145 2865 quae

85 2900 188 2969 quum
208 2873 353 2942 remedia
372 2874 481 2943 omnia
506 2886 718 2966 respuerent,
739 2870 837 2939 rebus
855 2872 923 2964 jam
946 2873 1144 2966 desperatis,

83 2982 224 3050 deorum
251 2982 399 3067 monitu,
426 2980 533 3047 Marci
565 2977 673 3045 Curtii
706 2979 832 3045 strenui
865 2977 997 3045 demum
1028 2984 1145 3075 equitis

84 3089 234 3155 animoso
256 3085 400 3155 facinore
419 3083 547 3152 liberati
570 3097 655 3151 sunt.
679 3086 896 3175 Posteaquam
918 3085 1004 3151 enim
1027 3110 1061 3154 se
1082 3114 1144 3183 pro

86 3192 191 3261 salute
221 3188 334 3287 patriae
362 3193 396 3260 in
423 3215 558 3285 specum
586 3202 731 3256 armatus
762 3190 1013 3283 praecipitasset,
1044 3197 1144 3287 pestis

86 3300 197 3368 statim
219 3311 294 3392 post
316 3296 495 3365 multorum
516 3296 632 3364 funera
655 3293 767 3363 sedata
789 3309 847 3363 est.

85 3476 179 3543 XXI.
209 3477 249 3542 L.
274 3477 379 3541 Furto
396 3473 560 3556 Camillo,
584 3473 702 3565 Appzo
728 3469 870 3541 Claudro
890 3474 1033 3559 Crasso,
1058 3468 1143 3544 coss.

271 3580 373 3646 -u
391 3579 430 3646 c.
452 3575 637 3661 loc—l.
653 3578 691 3645 c.
712 3572 797 3660 346.
826 3579 956 3668 Lycos.

141 3744 204 3820 *In
219 3777 258 3820 eo
274 3751 372 3838 hello,
383 3750 473 3844 quod
485 3751 640 3834 Romani,
651 3749 736 3835 duce
748 3747 900 3837 Camillo,
909 3722 1024 3820 contra
1034 3754 1146 3827 Gallos

86 3872 271 3954 gesserunt,
285 3856 419 3927 Valerio
437 3856 571 3925 tribuno
590 3854 730 3923 militum
751 3855 906 3924 adversus
926 3855 1058 3927 Gallum
1075 3887 1148 3956 pro.

87 3979 279 4033 vocatorem
300 3963 475 4056 pugnanti,
497 3986 617 4031 corvus
635 3959 734 4053 galeae
753 3961 894 4030 insedit:
916 3964 972 4055 qui
992 3989 1058 4033 non
1074 3982 1144 4036 tan·
