2684 4830
159 379 1222 404 mfflmfflmfflmsssmmmmm

502 550 878 762 PRAEFATtO.

184 840 677 1028 “nnuicuo
722 826 1099 980 anv'onr

189 1143 587 1271 JOANNES
634 1141 1186 1268 SCHEFFERUS

635 1423 667 1490 S.
694 1426 737 1492 D.

604 1659 788 1685 ,ψ

106 1952 109 1959 .
154 1807 294 1960 ‚Quor
309 1884 399 1930 nune
412 1859 522 1927 denuo
537 1860 719 1926 Auctorem
737 1857 836 1926 istum
852 1859 1019 1953 proferam
1038 1865 1072 1931 in
1086 1865 1221 1960 vulgus,

132 2044 136 2049 .
152 1970 296 2039 effecere
312 1967 395 2035 duo:
409 1966 571 2059 primum,
581 1964 658 2057 quia
668 1961 752 2050 vidi,
767 1963 856 2033 nulla
870 1965 940 2058 ejus
955 1969 1082 2061 pridem
1099 1974 1132 2039 in
1145 1974 1220 2042 offi-
1251 2048 1258 2061 ,

130 2077 236 2145 cinis
256 2073 397 2143 librariis
414 2069 545 2139 venalia
565 2084 717 2163 prostare
738 2069 958 2164 exemplaria;
983 2073 1119 2165 deinde,
1141 2082 1221 2173 quia

150 2206 227 2275 quae
252 2181 426 2271 hucusque
450 2176 558 2263 edita,
580 2199 620 2243 ea
641 2172 754 2243 multis
778 2175 981 2270 deprehendi
1003 2197 1102 2276 atque
1125 2183 1220 2256 foedis

151 2289 326 2381 inquinata
343 2283 490 2370 mendis,
512 2307 532 2351 a
554 2281 674 2375 quihus
696 2282 892 2376 scriptorem
909 2286 1045 2356 minime
1069 2305 1218 2359 contem·

151 2393 300 2461 nendum
328 2388 504 2484 aliquando
532 2386 686 2474 liberari,
711 2387 896 2456 arbitrabar
922 2415 1061 2486 aequum.
1087 2396 1219 2491 Sumpsi

151 2523 253 2592 ergo,
268 2497 359 2593 quod
373 2496 508 2565 unicum
523 2493 566 2562 ad
582 2518 701 2562 manus
714 2508 803 2581 erat,
819 2495 1006 2590 exemplum
1020 2500 1111 2592 ejus,
1129 2505 1219 2597 Lug·

151 2604 255 2693 duni,
277 2627 365 2672 anno
392 2625 534 2688 mutin,
559 2601 695 2668 minima
715 2600 821 2669 forma
849 2625 868 2668 a
891 2604 942 2670 Jo.
958 2607 1126 2676 Tornaesio
1146 2609 1219 2677 edi-

151 2725 248 2798 tum,
266 2733 404 2804 quaeque
429 2707 577 2801 indigere
600 2707 829 2775 immutatione
853 2708 1111 2803 explicationeve
1127 2716 1218 2785 vide·

151 2817 287 2902 bantur,
302 2814 475 2908 diligenter
488 2814 645 2881 annotavi
656 2866 666 2900 ,
677 2810 823 2882 collectis
837 2815 950 2904 simul,
966 2819 992 2885 si
1004 2844 1076 2912 quae
1086 2818 1218 2892 aliunde

151 2935 310 3017 poterant
330 2922 397 2989 huc
418 2919 539 2988 afferri.
557 2922 611 2986 Ita
625 2933 711 2988 natae
728 2919 810 2987 mihi
825 2922 1119 2995 Oasnuvarrorvns
1138 2927 1218 2997 bre-

150 3053 231 3115 ves,
252 3051 333 3121 quas
348 3026 486 3095 Auctori
500 3024 635 3117 subjeci.
654 3026 749 3121 Licet
761 3040 871 3093 autem
889 3028 976 3095 intra
989 3029 1049 3098 has
1068 3056 1121 3100 me
1136 3059 1212 3103 con-

150 3134 308 3202 tinuerim
327 3132 513 3227 angustias,
533 3155 603 3198 non
625 3155 732 3225 pauca
754 3146 865 3200 tamen
885 3147 967 3227 puto
988 3136 1216 3232 sicexposita,

150 3253 190 3308 ut
214 3238 422 3308 mediocriter
448 3251 575 3305 attento
596 3239 725 3330 possint
755 3262 824 3306 esse
853 3242 940 3309 satis.
969 3244 1153 3331 caeterum,
1183 3249 1216 3315 id

150 3345 329 3433 Tornaesii,
343 3343 433 3438 quod
447 3342 548 3412 modo
563 3342 650 3429 dixi,
665 3343 832 3438 exemplar
847 3347 996 3440 suspicor
1013 3374 1128 3419 eorum
1144 3377 1215 3422 esse
1329 3351 1332 3362 '

148 3452 318 3549 primum,
343 3474 416 3543 quae
438 3449 572 3543 abipso
593 3447 769 3542 publicata.
796 3450 909 3520 Edidit
932 3455 1019 3522 enim
1041 3471 1215 3549 posteact

149 3556 243 3629 aliud
258 3581 352 3645 nanno
371 3579 582 3641 mnoxxxrx,
608 3556 635 3623 si
656 3555 757 3624 modo
777 3556 847 3649 ipse
866 3557 984 3646 edidit,
1010 3562 1100 3655 quod
1126 3563 1215 3634 dicto

150 3658 241 3732 anno
255 3687 413 3732 excusum
429 3660 549 3756 legitur
562 3660 734 3755 Lugduni,
754 3685 829 3729 nam
845 3663 957 3733 videre
976 3667 1082 3758 ipsum
1101 3669 1214 3740 hacte-
1295 3713 1296 3716 =

147 3795 216 3838 nus
229 3793 297 3838 non
309 3768 410 3836 licuit.
424 3768 499 3836 Sive
516 3780 627 3834 autem
643 3768 730 3861 ipse,
746 3769 813 3835 sive
829 3768 912 3838 alius
925 3773 1085 3866 quispiam
1104 3776 1212 3846 edide-

146 3877 215 3962 rit,
240 3875 274 3943 id
299 3897 435 3960 eorum,
456 3898 528 3966 quae
549 3895 669 3941 excusa
692 3888 787 3960 sunt,
810 3876 929 3968 opinor
954 3902 1023 3946 esse
1042 3878 1215 3972 ultimum,

144 3995 242 4050 certe
268 3980 357 4074 quod
384 3994 460 4075 post
484 3994 568 4047 esset
591 3979 734 4065 editum,
761 3980 921 4051 hactenus
945 3983 1119 4054 observavi
1139 3990 1215 4058 nul-
