2670 4830
470 388 865 456 OUDENDORPII.
1152 390 1199 461 23

125 521 274 605 tionem,
293 541 359 612 qua
379 519 514 586 minime
536 543 590 585 me
612 519 810 587 instructum
830 508 917 604 esse,
935 521 1013 588 satis
1028 521 1110 590 mihi
1127 548 1200 593 sum

126 627 303 709 conscius,
328 623 386 692 sed
407 623 450 692 ad
471 623 654 694 faciliorem
674 625 818 693 auctoris
837 622 1063 715 intellectum,
1085 643 1120 696 et
1140 629 1201 698 de-

126 745 349 826 pravatorum
381 729 531 799 locorum
561 732 802 801 correctionem
828 756 898 800 esse
925 734 1074 827 scriptas.
1104 736 1201 822 Qua·

126 852 271 932 propter
291 838 390 905 etiam
409 835 543 930 longam
567 838 766 931 scriptorum
793 838 929 923 scriem,
950 839 1106 932 equibus
1128 842 1201 910 haec

128 943 285 1038 prodigia
302 943 492 1035 frequenter
506 943 679 1029 accidisse,
691 942 912 1012 demonstrari
929 960 1056 1039 posset,
1072 946 1113 1014 ad
1129 973 1202 1041 par·

128 1065 182 1118 tes
196 1074 316 1118 vocare
333 1048 448 1118 nolui:
468 1051 651 1144 praesertim
669 1074 771 1142 quum
791 1049 857 1118 hoc
874 1075 1012 1144 operose
1027 1067 1200 1146 peractum

130 1157 174 1224 sit
199 1156 241 1224 ab
262 1155 350 1241 aliis,
375 1169 410 1224 et
435 1157 604 1250 inprimis
630 1178 649 1222 a
675 1154 895 1225 celeberrimis
917 1158 996 1226 viris
1016 1161 1044 1226 J.
1071 1162 1201 1229 Caesare

129 1260 318 1355 Bulengero
336 1264 371 1329 in
389 1260 474 1331 libro
488 1261 530 1331 de
543 1263 720 1355 Auguriis,
738 1263 903 1330 ominibus
924 1278 957 1347 et
973 1263 1150 1358 prodigiis,
1168 1281 1203 1335 et

127 1371 182 1436 do.
205 1368 378 1448 Ludovico
395 1366 485 1435 dela
503 1367 627 1454 Corda,
642 1367 684 1436 ad
698 1367 831 1462 Virgilii
848 1370 1001 1463 Georgic.
1021 1367 1077 1438 lib.
1092 1395 1120 1457 1,
1142 1372 1201 1442 uhi

129 1475 283 1543 curiosus
309 1472 414 1544 lector
439 1473 589 1567 exempla
614 1473 657 1542 ad
686 1476 870 1543 satietatem
893 1500 997 1568 usque
1019 1491 1130 1570 potest
1149 1479 1199 1546 in·
1252 1548 1258 1555 ,

128 1581 256 1648 venire.
275 1583 317 1648 ln
337 1579 544 1649 emendando
562 1579 771 1649 librariorum
791 1605 937 1667 errores,
956 1581 1075 1674 quibus
1097 1599 1203 1655 scatet

126 1686 188 1755 hic
214 1700 350 1773 auctor,
373 1688 525 1780 ingenio,
552 1685 605 1753 vel
632 1687 733 1779 ipsius
755 1686 976 1780 Obsequentis
1001 1703 1034 1755 et
1056 1687 1197 1761 aliorum

129 1793 335 1886 scriptorum
352 1793 548 1862 testimoniis
562 1793 611 1860 uti
627 1791 744 1860 debui:
764 1794 919 1885 quoniam
934 1792 1067 1881 desunt,
1082 1794 1198 1865 saltem

128 1897 324 1968 adhucdum
347 1923 418 1968 non
443 1899 567 1993 reperti
591 1912 669 1967 sunt
694 1898 824 1968 codices
844 1901 1055 1986 Mss.;na1n
1078 1900 1199 1972 alicubi

129 2002 235 2073 latere
255 2005 433 2099 quosdam,
453 2005 613 2099 suspicari
631 2006 704 2098 quis
722 2019 834 2100 posset
853 2030 894 2073 ex
913 2004 959 2073 Μ.
975 2006 1104 2076 Velseri
1124 2011 1197 2103 epi-

130 2109 228 2198 stola,
249 2137 322 2205 quae
338 2125 389 2180 est
404 2112 491 2180 inter
510 2109 680 2181 Gudianus
701 2113 888 2186 centesima.
910 2114 963 2180 Ita
981 2114 1068 2181 enim
1084 2117 1198 2184 Meur-

129 2217 183 2285 sio
210 2218 345 2286 scribit:
365 2219 564 2287 Amicorum
588 2242 736 2287 meorum
761 2217 901 2311 quidam
924 2224 1038 2288 neseio
1060 2222 1146 2314 quid
1164 2226 1200 2310 in

127 2323 257 2394 lutiam
276 2323 520 2416 Obsequentem
535 2326 688 2410 molitur,
705 2323 801 2415 cusiis
814 2325 942 2393 nullum
956 2325 1069 2394 adam
1082 2352 1199 2396 exem·

120 2430 216 2523 plor
227 2435 492 2525 manuscriptum
506 2432 620 2524 poulo
634 2435 808 2524 antiquius
822 2436 977 2499 nancaei
985 2439 1122 2525 potuit:
1137 2450 1176 2502 tu
1183 2487 1195 2518 ,

128 2539 166 2603 si
176 2540 281 2621 nosti,
297 2537 430 2623 indica,
445 2560 564 2631 quaeso
570 2563 584 2623 ,·
599 2542 756 2604 reserum
769 2538 934 2630 loquitur:
948 2538 1113 2607 editiones
1127 2541 1197 2609 vul·

125 2657 230 2736 gatoe
249 2666 365 2711 omnes
381 2643 481 2734 bujm
497 2647 633 2737 generis
650 2643 785 2715 auxillo
804 2647 987 2736 requirunt.
1006 2645 1195 2715 Manuscri-

129 2761 268 2841 ptonun
286 2750 398 2818 tainen
420 2748 494 2818 loco
512 2748 648 2818 adhibui
663 2763 808 2835 veteres,
826 2763 991 2842 quotquot
1006 2750 1088 2819 mihi
1103 2753 1198 2847 potui

130 2878 350 2948 comparare,
369 2853 548 2942 editiones;
569 2869 753 2950 praeterque
769 2879 842 2942 eas,
859 2878 945 2947 »quas
964 2857 1041 2924 satis
1054 2855 1197 2951 diligen·
1217 2892 1219 2898 ·

129 2974 185 3028 ter
203 2959 348 3030 contulit
367 2961 474 3031 editor
491 2960 699 3055 anglicanus,
721 2959 871 3030 consului
895 2962 994 3029 etiam
1018 2960 1198 3035 editionem

129 3066 291 3160 primam,
306 3091 405 3161 quam
424 3092 465 3136 ex
478 3061 707 3162 manuscripto
717 3066 860 3136 Jocundi
866 3068 1068 3137 Veronensis
1082 3070 1197 3139 codice

131 3170 237 3240 edidit
248 3171 367 3260 Aldus,
380 3174 528 3243 Venetiis
545 3199 573 3242 a.
591 3197 723 3242 unum.
740 3171 854 3242 Plures
872 3197 893 3241 a
910 3199 963 3243 me
979 3175 1065 3243 visas
1084 3190 1122 3245 ut
1141 3176 1196 3245 hic

129 3301 339 3368 recenseam,
358 3305 429 3350 non
449 3305 582 3353 necesse
603 3294 664 3348 cst.
684 3279 838 3349 Editorcs
860 3283 949 3350 enim
971 3305 1086 3371 omnes
1104 3281 1196 3351 Aldi-

131 3394 230 3471 nam,
256 3387 369 3479 paucis
388 3386 490 3456 modo
509 3387 661 3473 mutatis,
682 3387 812 3480 sequuti
830 3401 915 3455 sunt.
935 3388 1051 3455 Unum
1066 3402 1196 3477 tamen,

131 3488 250 3575 velim,
271 3493 411 3587 excipias
426 3493 612 3562 Robertum
629 3492 850 3586 Stephanum,
869 3494 962 3585 cujus
980 3494 1062 3562 duas
1080 3494 1193 3562 editio-

131 3619 211 3681 nes,
233 3599 362 3667 Parisiis
386 3612 652 3668 a.n1nxxx1xet
673 3622 825 3686 mnmv,
846 3599 980 3694 abipso
1001 3614 1195 3694 procuratas

131 3701 279 3771 adhibui.
306 3703 442 3773 Illarum
472 3703 593 3774 auxilio
618 3704 723 3774 multa
749 3707 891 3799 corrigi;
921 3706 1071 3798 quaedam
1096 3708 1195 3774 etiam

132 3806 213 3877 clar.
237 3809 400 3879 Schefferi
427 3811 625 3904 conjecturae
650 3811 838 3881 confirmari
866 3827 1017 3906 possent,
1043 3814 1071 3880 si
1092 3815 1195 3885 modo

131 3939 174 3982 ex
191 3917 290 3985 MSto
307 3915 434 4011 aliquo,
451 3943 519 3986 non
535 3942 575 3986 ex
590 3918 767 3986 doctissimi
787 3918 921 3987 editoris
938 3920 1087 4012 ingenio,
1104 3921 1194 4013 quod

131 4034 266 4112 putem,
282 4024 347 4091 sint
363 4023 520 4116 profectae
534 4023 596 4095 illae
613 4027 819 4093 mutationes.
840 4025 928 4113 Quia
942 4040 1052 4095 autem
1068 4025 1196 4096 libellus

972 4146 1011 4226 24
