2684 4830
147 357 191 438 14
542 353 812 420 rubuario

141 487 220 554 lum.
244 485 395 553 Proxime
421 497 497 551 ante
521 483 705 577 publicasse
731 485 901 553 lohannes
925 488 1097 581 Oporinus
1115 489 1220 558 vide·

141 607 196 660 tur
220 589 377 676 Basileae,
402 612 632 677 annomnnn,
659 615 726 684 quo
753 614 842 659 anno
863 615 995 685 quoque
1020 595 1171 687 primum
1197 618 1221 663 a

141 697 351 791 Lycosthene
371 709 449 764 sunt
468 694 616 788 adjecta,
634 720 841 791 quaecunque
860 713 961 791 caput
979 701 1222 794 quinquagesi-

142 829 235 873 mum
262 817 296 871 et
321 802 473 895 quintum
495 801 714 890 antecedunt,
740 802 890 897 quaedam
917 805 1036 892 etiam,
1054 829 1131 898 quae
1162 830 1217 876 se-

142 923 300 1004 quuntur.
322 910 408 997 Quae
432 932 473 975 ne
499 909 743 1002 inposterum,
767 909 856 1002 quod
877 908 1041 980 hactenus
1065 912 1169 981 etiam
1194 936 1219 983 a

140 1017 220 1084 viris
238 1014 346 1083 doctis
363 1013 488 1084 facturn
507 1027 574 1101 est,
594 1039 656 1107 pro
674 1015 824 1109 genuinis
842 1016 947 1084 nostri
964 1015 1220 1110 'Obsequentis

137 1119 336 1216 allegentur,
355 1120 546 1190 charactere
567 1143 587 1189 a
603 1118 736 1214 reliquis
751 1120 953 1216 distinguere
965 1121 1066 1191 volui.
1082 1124 1213 1193 Genui·

141 1253 221 1296 uum
249 1227 470 1320 Obsequentis
496 1225 720 1320 fragmentum
753 1229 860 1320 primo
888 1227 1094 1322 publicatum
1124 1229 1215 1316 fnit,

142 1359 230 1403 anno
244 1334 557 1420 an111,Venetiis,
574 1357 635 1426 per
648 1331 780 1401 Aldnm.
799 1335 964 1402 Sexennio
983 1348 1075 1428 post,
1089 1334 1126 1402 id
1141 1349 1214 1424 est,

140 1464 230 1509 anno
249 1462 380 1526 nnxrv,
401 1440 434 1505 in
453 1439 632 1519 Germania
651 1437 762 1506 denuo
781 1463 942 1506 unacum
961 1438 1066 1508 Plinio
1092 1454 1128 1509 et
1150 1464 1213 1511 au·

143 1560 236 1618 ctore
265 1544 306 1613 de
329 1546 417 1613 Viris
447 1543 648 1632 illustribus,
675 1545 818 1636 itemque
847 1544 1005 1613 Suetonio
1029 1544 1071 1613 dc
1099 1545 1212 1619 Claris

142 1651 376 1723 Grammaticis
394 1665 428 1719 et
442 1650 646 1718 Rhetoribus
664 1648 778 1717 recudi
795 1648 874 1717 fecit
892 1653 1011 1719 Beatus
1024 1651 1211 1723 Rhenanus

141 1759 373 1853 Argentorati,
394 1780 473 1825 usus
492 1756 534 1824 ad
551 1757 616 1823 hoc
631 1779 733 1848 opera
751 1755 902 1847 Matthiae
918 1757 1094 1843 schusen,
1115 1759 1210 1852 quod
1249 1844 1251 1849 Ι

140 1863 329 1958 exemplum
356 1876 431 1956 post
451 1887 491 1929 ex
513 1859 713 1929 bibliotheca
737 1859 896 1930 illustriss.
922 1861 1209 1955 excellentissimi·
1248 1880 1251 1929 t

140 1997 205 2065 que
221 1970 328 2064 regni
351 1968 451 2061 hujus
475 1967 654 2051 senatoris,
681 1980 780 2060 atque
811 1969 896 2036 arcis
925 1969 1023 2063 regiae
1049 1968 1209 2065 urbisque
1248 1954 1251 1995 ³

141 2075 329 2146 Holmensis
362 2073 610 2168 gubernatoris,
640 2096 699 2141 seu
729 2071 876 2167 praefecti
905 2075 1051 2162 summi,
1079 2075 1208 2147 domiui

143 2179 494 2265 Claudic'ltahlnmbu',
513 2178 674 2247 utendum
687 2179 876 2273 impetravi,
890 2204 1032 2274 cumque
1046 2205 1122 2249 meo
1136 2197 1209 2252 stu*

54 2309 61 2329 ¹
141 2290 231 2359 diose
253 2284 378 2356 contuli
396 2310 523 2379 :quum
542 2286 724 2379 praesertim
742 2309 763 2353 a
779 2285 944 2355 Rhenano
961 2287 1107 2356 viderem
1130 2287 1205 2357 lau-

141 2396 233 2479 dari,
249 2409 418 2486 tamquam
431 2391 520 2485 quod
541 2416 601 2485 per
620 2393 731 2460 omnia
749 2414 827 2461 curn
846 2391 967 2463 Aldino
990 2395 1205 2484 conveniret,

139 2502 233 2594 cujus
252 2501 380 2593 copiam
402 2497 526 2566 habere
543 2523 612 2566 non
631 2499 738 2592 potui.
761 2499 815 2567 Sic
835 2500 924 2567 enirn
945 2500 986 2568 de
1003 2524 1044 2568 eo
1061 2501 1096 2567 in
1115 2525 1206 2595 prat-

140 2609 263 2677 fatione
275 2607 473 2674 Rhenanus:
487 2605 717 2673 Emendotum
729 2628 803 2673 esse
813 2610 896 2693 scm,
913 2621 948 2674 et
960 2606 1086 2676 Aldine·
1095 2630 1208 2677 exem·

132 2714 432 2809 plunsfoeturam
452 2735 521 2780 noa
540 2711 748 2797 adulteram,
771 2711 836 2780 sed
852 2712 1047 2806 legitimam.
1070 2713 1204 2783 Rhena·
1235 2800 1238 2809 Ι

139 2846 221 2889 num
243 2833 400 2912 sequutus
419 2832 469 2886 est
487 2816 668 2903 Asulanus,
687 2831 785 2910 atque
801 2819 900 2887 tertia
916 2820 990 2888 vice
1005 2817 1204 2914 publicavit,

140 2952 228 2996 anno
243 2948 407 3022 unarum,
426 2912 538 2993 itidem
556 2925 590 2990 in
608 2922 713 2992 Italia.
732 2923 913 2992 Asulanum
931 2927 1061 3019 excepit
1075 2912 1226 2995 Robor-¹

140 3049 193 3102 tus
219 3031 424 3127 Stephanus,
450 3032 508 3124 qui
534 3033 569 3097 in
596 3028 703 3098 lucem
729 3032 819 3098 misit
842 3032 980 3100 Parisiis.
1002 3033 1127 3100 Utrum
1151 3030 1207 3100 alii

140 3163 271 3235 quoque.
294 3136 364 3206 aliis
389 3138 424 3204 in
450 3135 529 3205 locis
548 3135 739 3220 ediderint,
753 3135 914 3206 hactenus
938 3138 1110 3233 explorare
1135 3163 1207 3207 non

139 3247 244 3341 potui.
265 3247 445 3329 Caeterum,
461 3243 534 3336 quis
551 3241 651 3311 fuerit
664 3242 718 3310 hic
730 3243 945 3336 Obsequens,
963 3269 1063 3338 quam
1077 3244 1205 3313 habue-

140 3355 184 3422 rit
204 3352 365 3445 patriam‚
387 3373 454 3443 quo
472 3349 639 3443 scripserit
654 3363 824 3443 ternpore,
850 3351 1013 3419 incertum
1034 3364 1102 3437 est,
1127 3350 1206 3444 quir

139 3481 302 3552 nusquam
319 3456 388 3548 ejus
402 3456 527 3523 mentio
541 3453 631 3549 apud
644 3469 772 3524 veteres
788 3457 959 3549 reperitur.
979 3459 1113 3552 Nomen
1126 3481 1207 3526 eum

141 3567 219 3636 facit
244 3563 350 3657 gentis
374 3559 489 3648 Juliae,
519 3575 618 3654 atque
647 3562 693 3631 sic
715 3563 916 3630 Romanum.
945 3564 990 3631 At
1017 3587 1208 3658 cognomen

140 3673 250 3768 arguit
266 3669 415 3763 quemvis
430 3666 550 3754 aliurn,
565 3668 708 3735 maxime
725 3692 827 3760 quum
847 3669 934 3737 inter
952 3693 1090 3738 romana
1113 3669 1205 3739 haud

1248 3774 1251 3829 l

184 3876 209 3909 1.
220 3850 291 3904 Vide
303 3849 527 3903 Elmenhorstium
540 3847 574 3899 ad
589 3847 738 3910 Minucium
752 3847 865 3902 Felicem
877 3869 933 3922 cap.
947 3851 1056 3917 XXHI;
1068 3808 1227 3919 Freinshs,

141 3937 225 3990 mium
241 3930 274 3985 ad
290 3931 414 3985 Curtium
427 3929 475 3981 lib.
489 3929 546 3993 111,
562 3945 618 3999 cap.
637 3926 668 3993 3,
682 3921 697 3986 S
715 3941 786 3996 9,et
801 3927 834 3981 ad
848 3929 969 3998 Florum,
980 3931 1028 3984 lib,
1042 3933 1070 3996 1,
1081 3951 1139 4003 cap.
1155 3937 1205 3999 16,

140 4018 186 4069 lib.
200 4016 238 4075 ΙΙ,
257 4031 314 4082 cap.
334 4016 362 4074 45
378 4009 437 4074 Nic.
452 4008 591 4061 Heinsium
605 4005 638 4059 ad
654 4006 745 4061 Ovidii
758 4008 827 4062 Fast.
839 4009 887 4062 lib.
899 4010 943 4075 ΙΙ,
953 4028 979 4063 v.
998 4017 1063 4081 499.
