2670 4830
591 365 767 434 KAPPII
1198 363 1219 436 5

209 499 381 591 Superest,
404 510 442 564 ut
461 495 579 589 quibus
597 495 747 573 subsidiis
766 519 844 564 usus
862 497 943 582 sim,
965 510 999 564 et
1020 496 1100 590 quid
1124 523 1144 565 a
1166 524 1221 568 me

154 600 341 697 praestitum
361 603 419 688 sit,
439 603 551 696 paucis
571 625 744 696 exponam.
773 601 826 669 Ad
846 625 963 670 manus
984 602 1066 670 mihi
1086 602 1221 674 fuerunt

153 733 197 777 ex
208 708 405 778 editionibus
415 710 557 801 antiquis
565 711 583 776 J
586 709 700 776 untina
714 705 947 776 etBasileensis
958 707 1000 775 de
1011 733 1099 777 anno
1111 733 1124 778 1
1135 705 1222 799 530,

153 839 229 908 quae
264 815 299 882 in
325 815 412 882 notis
437 812 667 908 Oudendorpii
692 837 821 906 semper
847 811 1031 908 appellatur
1058 816 1219 885 secunda.

154 923 216 989 Hae
238 920 320 989 mihi
340 920 414 989 ideo
428 935 527 1014 gratae
545 919 697 1006 fuerunt,
718 918 807 1013 quod
825 918 1014 997 Schefferus
1032 934 1066 988 et
1081 921 1219 991 Ouden·
1262 922 1264 927 ’

155 1025 293 1120 dorpius
311 1050 366 1095 eas
386 1024 439 1093 vel
455 1025 554 1120 plane
573 1016 658 1112 non,
676 1023 729 1093 vel
747 1049 816 1092 non
832 1025 910 1093 satis
925 1023 1098 1120 diligenter
1110 1028 1219 1122 inspe-

154 1146 291 1218 xerunt,
310 1147 514 1226 quapropter
532 1155 587 1200 eas
606 1155 683 1229 cum
700 1129 769 1200 aliis
792 1129 990 1199 editionibus
1018 1123 1165 1220 contuli,
1186 1148 1220 1202 et

154 1235 306 1306 lectionis
335 1239 529 1306 varietatem
559 1237 725 1306 annotavi.
758 1236 888 1305 Deinde
918 1234 1052 1306 editioni
1077 1238 1237 1308 Oudon?

154 1342 343 1436 dorpianee,
364 1367 464 1437 quam
482 1368 523 1411 ex
540 1341 740 1412 bibliotheca
757 1342 899 1436 quadam
918 1344 1080 1437 lipsiensi
1098 1347 1219 1415 auctio

154 1450 206 1518 nis
224 1447 298 1543 lege
314 1473 420 1544 nuper
439 1448 520 1517 mihi
539 1448 744 1542 comparavi,
766 1448 939 1542 adscriptae
959 1464 1055 1518 erant
1069 1449 1218 1544 pauculae

154 1555 354 1647 conjecturae
376 1579 396 1622 a
421 1555 495 1622 viro
516 1554 633 1640 docto,
657 1554 751 1648 cujus
775 1578 897 1622 nomen
918 1555 1053 1648 ignoro,
1079 1581 1152 1650 qum
1174 1582 1216 1625 ne

153 1658 253 1753 plane
275 1661 438 1754 perirent,
461 1685 522 1731 suo
547 1684 693 1755 quasque
714 1658 790 1729 loco
810 1660 943 1728 inserui.
970 1663 1094 1730 Praeter
1118 1686 1157 1730 ea
1177 1688 1219 1732 ex
1269 1666 1271 1670 '

152 1765 298 1836 editione
324 1768 459 1835 Juntina
484 1765 595 1835 addidi
623 1791 778 1835 numeros
808 1766 953 1860 capitum
979 1766 1217 1862 Obsequentis,

154 1874 292 1964 partim,
309 1886 347 1940 ut
362 1897 460 1942 nemo
476 1898 553 1957 cum
569 1871 809 1967 Oudendorpio
830 1865 886 1960 (ad
901 1873 1046 1967 Obsequ.
1063 1897 1136 1967 cap.
1155 1870 1215 1964 55,

154 1992 222 2046 not.
252 1973 284 2065 ι)
312 2003 369 2049 eos
396 1978 596 2072 Lycostheni
623 1978 799 2066 attribuat,
829 1979 950 2072 partim
977 1993 1015 2047 nt
1041 1979 1148 2073 quivis
1175 1975 1216 2049 eo

154 2081 283 2153 facilius
303 2083 377 2153 loco
398 2085 619 2179 Obsequentis
638 2080 785 2153 invenire
804 2085 923 2179 possit,
943 2085 1013 2154 sive
1033 2085 1215 2154 secundum

155 2212 313 2260 numeros
334 2190 572 2284 Lycosthenis,
597 2192 664 2259 sive
691 2190 873 2259 secundum
898 2215 1054 2260 numeros
1080 2191 1217 2264 editioni

155 2295 297 2365 luntinae
311 2297 467 2390 ¹praefixos
492 2321 531 2364 ea
552 2295 692 2391 allegata
709 2297 798 2384 sint;
820 2321 898 2364 nam
915 2296 1012 2381 video
1036 2311 1215 2391 utrumque

153 2423 170 2469 a
191 2404 275 2470 viris
296 2401 402 2472 doctis
428 2403 511 2470 fieri.
539 2401 616 2471 Vid.
640 2427 668 2470 e.
692 2427 722 2495 g.
750 2406 977 2471 Burmannum
999 2395 1077 2497 (qui
1104 2417 1216 2472 tamen

149 2507 231 2576 alibi
260 2506 442 2576 secundum
469 2532 644 2576 numerum
675 2508 892 2601 Lycosthenis
914 2510 1016 2577 citare
1044 2501 1146 2604 solet)
1173 2508 1216 2577 ed

146 2613 269 2683 Ovidii
293 2613 406 2681 Amor.
429 2611 483 2681 lib.
505 2616 543 2700 I,
559 2612 640 2707 eleg.
663 2615 746 2697 VII,
767 2640 798 2680 v.
820 2614 892 2702 483
912 2627 992 2683 tom.
1010 2617 1043 2703 I,
1064 2640 1096 2708 p.
1120 2610 1215 2700 3533

141 2735 182 2789 et
204 2718 341 2789 Davies.
368 2718 412 2786 ad
434 2721 516 2788 Caes.
539 2718 581 2786 de
607 2717 685 2787 Bell.
709 2718 783 2813 gall.
806 2717 862 2787 lib.
888 2722 932 2806 V,
955 2745 1026 2815 cap.
1055 2715 1114 2790 55.
1142 2722 1215 2790 Nec

133 2827 264 2895 minus
288 2838 418 2918 gratum
442 2823 514 2892 fore
536 2826 685 2894 existimo
709 2826 828 2894 harum
849 2823 1019 2894 literarum
1044 2825 1215 2914 studiosis,

132 2931 244 3026 quod
265 2931 299 2998 in
321 2955 435 2998 eorum
452 2930 591 3025 gratiam
606 2955 647 2998 ex
660 2930 890 3025 Oudendorpii
905 2934 1059 3018 Lucan0,
1076 2956 1117 2999 ex
1133 2935 1215 3000 Bur·

126 3035 266 3107 lnanui
283 3035 421 3123 Ovidio,
435 3061 476 3104 ex
489 3037 579 3105 Actis
593 3036 799 3105 eruditorum
819 3061 933 3132 1721,
947 3062 1021 3132 pag.
1043 3061 1130 3131 119,
1147 3062 1214 3131 seq.

125 3143 290 3236 aliisque
316 3140 407 3210 libris
428 3166 468 3211 ea
489 3143 653 3236 excerpsi,
675 3167 748 3236 quae
770 3141 812 3211 ad
834 3141 1084 3211 illustrationem
1105 3144 1215 3241 Obse-

125 3249 286 3344 quentis
305 3250 468 3342 pertinere
490 3249 681 3316 existimavi.
705 3247 874 3317 Editiones
895 3246 1055 3317 librorum
1072 3248 1215 3343 plerum-

129 3380 217 3449 que
242 3353 364 3422 addidi.
385 3356 426 3422 In
447 3355 557 3422 Dione
576 3356 690 3424 Cassio
707 3379 787 3423 vero
806 3378 884 3423 usus
903 3379 976 3422 sum
996 3354 1217 3449 Stephaniana

150 3457 279 3553 1591,
298 3475 332 3528 et
351 3461 384 3528 in
402 3461 565 3528 Perizonii
583 3459 930 3529 Animadversionibus
948 3485 1004 3548 ea,
1023 3484 1123 3553 quam
1145 3459 1214 3529 Cel.

135 3563 305 3633 llarlesio
320 3565 487 3634 debemus.
505 3566 634 3634 Indices
650 3567 771 3660 partim
789 3565 977 3653 emendavi,
995 3567 1116 3660 partim
1130 3567 1213 3635 auxi.

142 3669 302 3739 Maxima
328 3685 400 3739 erat
424 3671 573 3740 confusio
601 3673 636 3739 in
657 3672 939 3765 Lycostheniano,
960 3671 1080 3764 inquo
1104 3696 1215 3740 emen·

151 3775 265 3844 dando
291 3776 432 3846 multum
459 3775 580 3846 laboris
604 3778 773 3872 impendi:
800 3776 934 3845 tandem
955 3790 989 3844 et
1015 3800 1114 3847 ausus
1142 3801 1215 3846 sum

155 3881 362 3974 conjecturas
394 3907 482 3951 meas
513 3908 611 3977 super
639 3884 834 3977 quibusdam
860 3880 941 3951 locis
968 3885 1134 3977 corruptis
1159 3883 1217 3951 ad·

165 3984 245 4056 dere.
262 3991 301 4057 ln
319 3989 437 4083 quibus
452 3991 478 4058 si
492 3987 572 4057 nihil
586 3988 770 4077 aliud„hoc
786 4004 898 4058 tamen
913 3988 1051 4083 fortasse
1067 3988 1217 4082 plurimis

1025 4103 1065 4189 ¹3
