2684 4830
174 395 241 448 vm
436 373 696 442 PRAEFATIO
723 373 979 443 EDITORIS.

176 549 239 620 ego
254 521 321 592 dixi
341 520 492 616 pluribus
511 517 622 588 verbis
637 516 778 613 prologo
798 521 831 586 in
845 512 965 586 librum
976 523 1071 587 Joan.
1089 519 1173 613 Lydi
1193 524 1247 591 De

144 688 151 698 ·
175 641 425 739 Magistratibus
443 641 621 725 Romanis,
638 639 768 707 Parisiis
792 637 888 707 1812
915 640 1043 707 octonis
1061 637 1246 734 vulgatum.

175 761 301 847 Unde,
323 759 401 854 quia
429 757 570 827 fortasse
596 756 638 825 ad
665 779 802 835 manum
825 758 962 826 minime
988 757 1103 827 lectori
1129 775 1179 828 est
1206 785 1247 828 ea

168 881 299 967 editio,
314 892 461 972 repetam
481 875 555 944 illa:
570 879 713 945 loannes
732 879 952 964 Laurentius,
970 903 990 945 a
1008 880 1115 972 patria
1132 880 1246 973 Lydus

175 999 300 1085 dietus,
316 1012 414 1065 natus
428 994 664 1089 Philadelphiae
679 994 713 1062 in
725 997 803 1064 Asia
817 997 1085 1090 proconsularia.
1101 1002 1140 1068 C.
1155 1001 1246 1093 490,

177 1113 470 1210 Constantinopoli
482 1113 641 1204 =militavit
657 1108 715 1204 (ut
735 1130 815 1184 tunc
839 1108 990 1205 aiebant)
1008 1118 1094 1216 inter
1113 1120 1245 1187 Memo-

175 1235 292 1324 riales,
312 1235 509 1327 AdjutoreS,
530 1233 750 1327 Augustales,
772 1234 1018 1305 Cornicularios
1039 1235 1246 1329 praefecturae

175 1352 362 1451 praetorio,
391 1354 629 1447 imperantibus
660 1355 833 1422 Anastasio
862 1369 896 1422 et
923 1357 1109 1424 Justiniano
1135 1359 1246 1451 Augg.

175 1477 259 1544 Fato
280 1475 443 1543 concessit
464 1488 540 1567 post
560 1497 686 1541 annum
708 1474 770 1542 Ch.
790 1470 875 1544 552.
897 1475 1030 1568 grandis
1047 1490 1139 1545 natu.
1157 1478 1247 1546 Scri-

176 1595 243 1690 psit
269 1617 375 1689 graece
402 1591 598 1686 complura,
619 1617 762 1686 quorum
783 1593 950 1686 praecipue
972 1594 1036 1661 tria
1057 1618 1247 1664 memoran—

79 1702 81 1711 ’
177 1727 256 1781 tur:
273 1711 356 1780 liber
374 1714 428 1780 De
446 1710 638 1797 Mensibus‚
654 1711 707 1778 De
727 1711 977 1804 Magistratibus
993 1715 1174 1801 Romanis,
1192 1718 1248 1784 De

162 1833 335 1902 Ostentis.
356 1831 421 1899 Sed
436 1855 475 1898 ea
492 1831 604 1898 omnia
621 1829 832 1897 habebantur
848 1855 910 1924 pro
927 1831 1120 1925 deperditis,
1137 1832 1248 1903 donec

176 1974 205 2018 a.
235 1949 405 2077 1283lpsy1r
411 1947 561 2047 illustris
572 1947 616 2015 de
614 1948 803 2050 <bedeul-
791 1949 985 2039 ·,Gouffler
1000 1975 1020 2016 a
1036 1975 1115 2045 rege
1128 1953 1247 2022 Chris-

175 2043 362 2156 tianisdilrib:
353 2030 471 2155 libris
456 2044 712 2160 taraltropolrtn
702 2067 859 2155 ·missus,
880 2069 1086 2162 oratorisque
1106 2095 1247 2141 munere

162 2187 267 2282 apud
287 2190 484 2286 Tureavam:
475 2190 739 2291 Ippeaatorem
763 2186 956 2279 fungens,
946 2211 982 2254 1n
1000 2188 1142 2258 Thracia
1165 2189 1247 2260 casu

177 2309 407 2408 improviso..
366 2290 556 2416 dothr'etri
557 2299 705 2373 irivdnit
711 2302 831 2374 saeculo
855 2309 889 2374 X
913 2321 1121 2399 peraratum,
1142 2306 1246 2379 libros

176 2429 229 2496 De
256 2414 517 2530 magistratibus
516 2419 665 2534 Despie
681 2426 818 2493 ostentis
845 2450 939 2518 paene
964 2427 1111 2521 integros
1138 2432 1246 2501 conti-

177 2560 331 2630 nentem,
350 2543 425 2612 libri
452 2547 506 2612 De
531 2543 699 2612 mensibus
722 2541 928 2637 particulam.
949 2547 1001 2613 Ex
1021 2545 1086 2614 hoc
1109 2546 1245 2637 codice,

176 2667 318 2734 Parisios
335 2679 533 2760 apportate,
555 2661 630 2731 libri
649 2666 702 2732 De
721 2659 968 2756 magistratibus
988 2664 1088 2732 editio
1108 2664 1246 2760 vulgata

176 2799 227 2860 est
244 2810 282 2852 ea
297 2808 398 2877 quam
419 2784 486 2851 dixi
505 2781 604 2877 paulo
621 2797 698 2850 ante
715 2808 722 2849 :
739 2782 813 2850 libri
831 2785 885 2850 De
900 2785 1048 2852 Ostentis
1063 2784 1245 2856 editionem

176 2929 280 2996 quum
296 2905 376 2971 item
389 2903 594 2970 instituerem
608 2955 617 2989 ,
631 2900 876 2996 appellavit'me
891 2903 943 2969 vir
957 2906 1133 2992 Summus,
1148 2907 1245 2998 cujus
1338 2980 1342 2986 ,

115 3053 118 3058 ·
177 3047 266 3090 nunc
288 3022 442 3116 auspiciis
465 3045 580 3090 omnes
605 3021 641 3088 hi
662 3020 788 3089 classici
815 3035 936 3089 exeunt
961 3022 1155 3092 nitidissime
1181 3024 1244 3094 de·
1337 3114 1342 3121 1

177 3143 290 3235 scripti
300 3143 397 3235 typis
407 3137 585 3234 appellavit
597 3141 880 3232 me,inquam,ut
892 3139 1019 3234 aliquot
1030 3144 1244 3238 capita,quae

176 3260 381 3356 disciplinam
403 3258 595 3353 auguralem
620 3258 783 3327 illustrare
806 3275 941 3353 possent
961 3255 1069 3348 (sicut
1088 3266 1243 3332 Astram-

118 3451 121 3459 ,
168 3381 356 3479 'psyehum,
370 3380 614 3474 Nicephorum,
626 3383 853 3461 Zoroastrem,
867 3379 1035 3473 dequibus
1047 3375 1242 3474 posterius),

123 3505 130 3541 ¹
175 3499 262 3570 Julio
281 3502 527 3582 Oasnouuum,
547 3499 572 3567 si
591 3499 779 3585 videretur,
801 3499 1045 3594 subjungerem.
1066 3503 1153 3571 Huic
1170 3503 1242 3596 ejus
1277 3494 1279 3501 ’

175 3619 340 3689 voluntati
355 3613 571 3687 libentissime
586 3618 762 3687 obsecutus
777 3672 786 3705 ,
801 3643 842 3686 ex
858 3621 972 3686 LXXI
989 3621 1151 3715 capitibus
1165 3620 1242 3691 libri

176 3744 228 3810 De
248 3740 396 3808 Ostentis
418 3731 491 3828 (tot
512 3741 600 3807 enim
623 3752 721 3805 erunt
741 3740 775 3805 in
798 3737 940 3806 editione
965 3741 1091 3834 integra
1113 3767 1241 3835 prope-

176 3861 263 3928 diem
285 3850 482 3951 proditura)
500 3858 617 3950 viginti
635 3855 760 3926 contuli
779 3859 812 3924 in
829 3858 894 3926 hoe
909 3857 1076 3928 volumen.
1096 3863 1146 3927 Ea
1164 3877 1241 3931 sunt

176 3979 347 4048 exordium
373 3975 446 4045 libri
473 3978 566 4044 initio
589 3975 764 4063 mutilum,
787 4002 862 4071 pag.
895 3977 1126 4063 2¹10-231:
1154 3982 1241 4048 toni-

177 4097 281 4166 truale
300 4122 318 4164 e
337 4097 466 4190 seriptis
483 4097 611 4165 Fonteii
627 4097 754 4189 aLydo
769 4114 962 4192 excerptum
980 4123 1151 4192 graecaque
1164 4124 1240 4168 ver·

172 4243 269 4307 sum,
290 4241 364 4314 pag.
404 4213 611 4310 232-239
639 4241 646 4282 :
673 4217 781 4311 capita
806 4242 928 4286 novem
953 4218 993 4285 de
1024 4217 1239 4308 fulminibuS,
