2684 4830
135 384 153 426 «ι
533 357 797 459 nuenario

131 491 348 587 typographi,
371 489 537 582 quianon
560 487 666 557 solum
687 490 855 560 incudem
876 492 1034 580 editione,
1053 521 1085 590 p.
1106 497 1201 582 466-

132 596 221 693 493,
241 609 432 666 constanter
450 594 570 689 legitur
589 598 699 665 uilius
719 597 935 692 Obsequens;
957 601 1014 669 sed
1029 617 1063 670 et
1079 602 1199 688 Aldus,

131 705 224 796 cujus
243 701 418 796 diligentiae
435 700 559 769 Julium
578 701 827 797 Obsequentem
847 705 1024 794 debemus,
1043 710 1100 802 qui
1118 708 1200 780 alias

130 811 269 880 fortasse
288 809 417 876 aeternis
435 808 579 876 tenebris
600 808 748 902 sepultus
762 810 932 902 jacuisset,
951 837 1131 908 omnesque
1144 816 1200 885 alii

130 918 272 986 editores
295 915 515 1006 Obsequentis
536 938 665 1008 semper
687 939 764 983 eum
783 917 908 985 lulium
930 918 1199 1012 appellaverunt3

130 1038 164 1092 et
186 1046 283 1091 nemo
305 1033 394 1088 certe
416 1018 531 1088 melius
553 1018 655 1106 Aldo,
675 1023 733 1115 qui
753 1020 843 1090 solus
865 1021 950 1091 libro
971 1029 1199 1122 manuscripto

129 1152 209 1198 usus
232 1141 301 1214 est,
325 1150 447 1194 nomen
467 1125 689 1219 Obsequentis
711 1128 794 1196 scire
817 1130 934 1223 potuit.
955 1130 995 1197 Id
1014 1133 1104 1226 quod
1123 1134 1199 1205 ideo

130 1233 333 1316 monendum
357 1232 450 1318 duxi,
473 1256 515 1300 nc
540 1233 613 1326 quis
622 1282 636 1316 ,.
654 1232 751 1302 titulo
771 1234 922 1303 editionis
940 1238 1083 1307 luntinae
1101 1239 1199 1310 dece-

129 1356 226 1435 ptus,
259 1363 381 1408 nomen
407 1339 629 1432 Obsequentis
657 1340 691 1406 in
719 1339 857 1409 dubium
881 1357 1003 1430 vocet,
1035 1360 1093 1413 aut
1120 1370 1199 1416 eum

128 1452 263 1517 lunium
292 1443 538 1539 Obsequentem
562 1446 768 1514 nominatum
792 1446 891 1515 fuisse
916 1447 998 1518 falso
1029 1450 1091 1519 sibi
1117 1477 1199 1546 per-

35 1560 40 1588 *
130 1553 274 1622 suadeat.
295 1551 359 1620 Sed
377 1550 456 1645 quid
477 1576 560 1645 opus
583 1566 652 1638 est,
676 1551 727 1620 his
746 1552 869 1621 diutius
890 1555 1082 1624 immorari?
1102 1559 1198 1628 Acci-

129 1662 199 1754 pias
226 1659 355 1755 potius,
381 1655 485 1726 lector
510 1656 692 1745 benevole,
715 1658 795 1752 quid
820 1658 947 1728 consilii
971 1663 1006 1729 in
1030 1662 1093 1732 hac
1122 1691 1199 1733 mea

128 1766 271 1834 editione
294 1778 450 1857 sequutus
471 1764 551 1851 sim,
568 1778 601 1832 et
627 1763 746 1858 quibus
772 1765 924 1834 subsidiis
950 1769 1129 1839 instructus
1154 1772 1199 1840 ad

130 1896 202 1941 eam
219 1871 422 1941 accesserim.

182 1980 280 2047 Pctiit
295 2000 378 2044 ame
393 1973 591 2069 bibliopola,
605 1975 645 2044 de
659 2001 695 2044 rc
707 1975 867 2063 literaria,
883 2003 986 2072 quum
999 1979 1088 2050 libris
1107 1982 1197 2067 aliis,

131 2101 201 2153 turn
215 2108 347 2179 quoque
363 2080 578 2177 scriptoribus
591 2082 757 2151 veteribus
769 2107 829 2151 suo
844 2099 978 2179 sumptu
990 2086 1101 2173 editis,
1110 2088 1198 2159 bene

130 2193 250 2261 mereri
278 2190 431 2284 cupienS,
458 2203 497 2256 ut
518 2190 713 2283 scriptorem
738 2187 880 2282 aliquem
906 2188 1065 2279 latinum,
1088 2196 1197 2264 mino·

130 2323 218 2384 rem,
232 2321 308 2365 raro
328 2295 481 2381 obvium,
497 2308 530 2362 et
548 2296 616 2362 sive
633 2295 677 2363 ob
697 2297 883 2388 argumenti
903 2299 1114 2390 gravitatem,
1126 2304 1197 2371 sive

130 2404 174 2473 ob
196 2402 261 2472 stili
280 2401 503 2496 praestantiam
522 2399 609 2469 lectu
629 2400 778 2494 dignum,
800 2399 972 2494 eligerem,
991 2429 1090 2497 quem
1109 2411 1196 2502 typis

131 2522 306 2605 repeteret.
326 2505 428 2594 Quod
443 2506 545 2592 mihi,
561 2531 579 2573 a
598 2505 748 2600 pluribus
767 2508 861 2574 annis
882 2505 991 2576 literas
1013 2511 1055 2578 ad
1077 2512 1196 2581 huma-

130 2619 266 2685 nitatem
285 2626 488 2708 spectantes,
509 2626 548 2679 ut
574 2611 668 2681 decet
693 2611 863 2679 literarum
886 2614 1088 2703 studiosum,
1111 2622 1197 2688 mire

131 2724 270 2807 amanti,
288 2720 350 2788 fuit
367 2731 568 2812 pergratum.
589 2714 642 2786 Sic
656 2719 743 2785 enim
761 2719 885 2811 optime
899 2743 937 2788 ac
949 2720 1103 2797 facillime
1117 2750 1196 2795 cum

130 2831 226 2898 bonis
247 2827 368 2912 literis,
392 2824 551 2917 aquibus
576 2822 639 2892 alia
664 2822 768 2892 multa
791 2825 922 2918 negotia
944 2826 1114 2920 paululum
1140 2858 1196 2901 me

131 2947 367 3018 avocaverant,
386 2932 420 2997 in
444 2931 582 3023 gratiam
602 2928 710 2999 redire
734 2955 830 3023 posse
852 2933 1044 3001 existimavi.
1067 2937 1198 3007 Auctor

130 3045 230 3137 igitur
251 3041 281 3108 ei
299 3038 362 3125 fui,
388 3050 427 3103 ut
445 3035 522 3104 Julii
541 3036 759 3129 Obsequentis
782 3034 928 3103 libellum
951 3037 992 3107 de
1014 3041 1197 3137 Prodigiis,

131 3174 212 3219 cura
230 3144 396 3214 Francisci
414 3140 643 3235 Oudendorpii
663 3143 793 3236 egregie
815 3141 1031 3230 illustratum,
1050 3161 1083 3214 et
1104 3172 1196 3218 anno

130 3256 228 3348 hujus
258 3249 359 3321 seculi
384 3251 505 3333 XXII,
525 3247 680 3342 Lugduni
704 3250 905 3316 Batavorum
931 3250 1102 3344 splendide
1124 3255 1196 3325 edi-

130 3379 217 3448 tum,
239 3359 325 3453 typis
347 3357 467 3424 iterum
489 3353 745 3448 imprimendum
768 3369 910 3423 curaret.
935 3359 1116 3427 Moverunt
1135 3385 1209 3429 au-·

130 3485 197 3538 tem
225 3490 278 3534 me
310 3487 415 3533 causae
442 3460 572 3544 multae,
604 3485 663 3529 cur
688 3461 778 3529 hunc
807 3463 1003 3555 scriptorem
1029 3490 1098 3558 prae
1123 3465 1197 3538 aliis

129 3705 266 3764 nistranda
279 3723 335 3774 rep.
354 3699 472 3755 Suetonii
490 3698 640 3769 Tranquilli
655 3697 688 3750 de
706 3699 783 3750 claris
798 3700 972 3769 grammaticis
988 3715 1014 3754 et
1030 3703 1198 3762 rhetoribus,

129 3792 199 3843 Junir'
210 3785 366 3857 Obsequentis
376 3779 561 3852 prodigiorum
570 3778 755 3841 libenTabula
766 3778 795 3829 in
808 3791 893 3831 totum
904 3781 1038 3833 volumen·
1047 3782 1197 3843 Traductio

129 3885 272 3942 graessarum
289 3861 452 3925 dictionum,
468 3877 526 3929 quae
541 3858 637 3928 passim
655 3858 784 3909 volumini
799 3872 860 3911 sunt
875 3859 987 3912 insertae.
1007 3862 1037 3913 In
1045 3861 1099 3932 fiae
1117 3865 1196 3919 libri,-

128 3953 287 4021 Impressum
301 3939 441 3994 Florentia
453 3957 533 4010 opera
545 3936 571 3990 et
582 3948 688 4008 sumptu
700 3937 817 4008 Philippi
826 3939 843 3990 J
844 3951 922 3992 untae.
935 3940 1014 3993 Anno
1029 3960 1043 3994 a
1056 3943 1198 4000 nativitate

129 4029 206 4084 DXV
217 4043 296 4098 supra
304 4022 391 4086 mille,
405 4037 495 4072 mense
505 4019 591 4071 octob.
604 4018 693 4071 Leone
704 4015 824 4084 decimo,
836 4018 972 4089 pontifice,
