2684 4830
144 391 191 436 20
546 367 811 436 PRAEFATIO
896 413 899 417 -

140 499 215 591 ὑπὲρ
234 507 290 574 τῆς
314 489 389 565 tlon
413 488 562 591 dtcdcihp.
587 497 697 564 Kal’
669 523 719 564 εαν
737 491 829 594 ἴδῃ
811 525 877 592 opis
899 504 928 568 ἐν
951 514 992 598 τῇ
1013 505 1096 597 οἰκίᾳ
1105 510 1224 605 ,ἱερὸν

140 603 247 672 ἐνταῦθ
250 630 271 670 α
232 596 356 696 θὶδρ’
340 601 436 670 υσασθ
440 628 486 686 αι,
503 616 568 671 etc.
583 605 757 674 Terentius
777 631 858 675 vero
880 561 1131 683 callidissimum
1152 642 1226 687 ser·

139 734 219 779 vum
242 711 364 779 Getam
389 707 581 802 loquentem
601 709 788 780 inducens
779 739 814 781 m
833 715 1035 787 Phormione
1054 719 1130 791 haec
1147 725 1222 811 ait3

137 833 199 886 act.
214 820 283 898 lv,
307 840 351 885 sc.
368 818 409 901 lp:

809 932 906 1010 Rogas

238 1029 321 1097 Quot
334 1044 381 1082 res
396 1035 465 1099 post
478 1024 527 1080 illa
540 1038 672 1081 monstra
687 1041 849 1084 evenerunt
862 1028 956 1087 mihi?

237 1123 357 1179 Introiit
370 1121 402 1178 in
414 1121 490 1178 aedes
504 1134 567 1178 ater
581 1122 693 1179 alienus
709 1125 807 1195 canis3

237 1220 352 1295 Anguis
367 1238 420 1295 per
434 1219 608 1295 impluvium
624 1219 733 1277 decidit
746 1221 782 1278 de
798 1221 904 1297 tegulis
919 1245 927 1293 ;

236 1317 351 1374 Gallina
365 1316 484 1385 cecinit3
499 1315 654 1373 interdixit
668 1317 817 1388 hariolus;

236 1419 370 1492 Aruspex
384 1413 479 1470 vetuit
492 1424 560 1469 ante
573 1413 711 1470 brumam
727 1411 840 1490 aliquid
855 1417 926 1472 novi

236 1511 344 1588 Negoti
359 1511 501 1587 incipere,
515 1529 581 1587 quae
597 1523 746 1568 causaest
757 1511 929 1590 justissima.

138 1668 245 1754 Hinc,
268 1665 396 1760 quoties
418 1665 481 1730 iter
502 1662 682 1756 ingressuri
705 1663 824 1758 pedem
848 1664 1078 1756 offenderant,
1100 1673 1157 1742 vel
1179 1678 1213 1744 in

137 1789 263 1842 terram
281 1771 364 1866 lapsi
379 1783 491 1854 erant,
511 1767 563 1836 vel
578 1769 684 1836 diram
703 1769 855 1838 viderant
874 1770 1059 1862 volucrem,
1082 1801 1210 1870 procu-

138 1904 213 1950 rare
233 1902 291 1966 ea,
310 1891 384 1962 aut,
407 1890 445 1943 ut
471 1875 622 1943 hostibus
648 1876 714 1943 suis
733 1877 901 1965 eveniant,
919 1881 1010 1949 Deos
1028 1882 1210 1977 implorare

139 2011 178 2055 ac
198 1984 355 2053 obtestari
378 1980 536 2065 solebant.
558 1979 669 2068 Quid?
689 1982 781 2075 quod
803 1998 923 2053 nostrae
945 1987 1044 2055 etiam
1066 2013 1209 2062 consue·

72 2112 75 2117 ·
136 2086 269 2161 tudines
279 2115 320 2157 ex
330 2088 559 2183 prodigiorum
572 2088 760 2180 cognitione
771 2086 926 2158 illustrari
934 2093 1071 2186 possint.
1084 2099 1208 2169 Nonne

137 2197 237 2266 hodie
262 2196 389 2264 obtinet
417 2208 454 2261 ut
482 2207 723 2262 sternutantem
736 2193 1093 2290 'salverejubeamusl
1116 2206 1207 2299 atqui

137 2305 192 2373 hic
212 2327 285 2370 mos
306 2326 347 2368 ex
367 2303 563 2385 Graecorum
589 2313 622 2367 et
639 2301 868 2370 Romanorum
886 2307 1121 2399 superstitione
1138 2313 1206 2380 ori-

138 2411 249 2504 ginem
271 2407 380 2476 traxit.
403 2404 532 2473 Malum
556 2406 643 2473 enim
666 2407 756 2500 apud
774 2431 830 2478 cos
851 2412 1051 2505 portendere
1071 2427 1206 2484 sternu-

137 2517 219 2585 tatio
228 2513 434 2582 credebatur.
445 2513 532 2580 Hinc
543 2514 738 2581 sternutanti
754 2518 810 2580 Ζεῦ
822 2526 918 2582 σῶσον
932 2519 1052 2602 Graeci,
1061 2521 1206 2591 Romani

138 2623 231 2692 salve
251 2620 414 2712 dicebant.
434 2621 544 2717 Immo
554 2619 714 2711 ‚quoties
738 2618 854 2713 aliquis
876 2647 974 2691 mane
998 2623 1171 2696 calceos
1153 2654 1204 2697 m·

137 2728 242 2797 duens
259 2724 469 2812 sternuisset5
489 2725 607 2792 ominis
625 2725 827 2817 procurandi
841 2750 953 2814 causa,
972 2727 1093 2799 lectum
1109 2759 1205 2854 repe·
1248 2780 1250 2795 .

138 2850 207 2904 tere
241 2833 375 2903 solebat
409 2824 473 2899 Fa
480 2829 552 2899 talis
580 2830 713 2923 quidem
740 2833 948 2926 privatorum
976 2836 1065 2904 circa
1091 2842 1205 2909 omina

138 2964 217 3012 cura
237 2940 319 3026 fuit,
338 2954 372 3007 et
389 2930 565 3053 diligentia.
588 2934 741 3005 Publicus
761 2962 842 3006 vero
852 2943 1063 3034 ‚praesertim
1080 2945 1204 3015 Roma·

137 3072 257 3119 norum
284 2994 345 3136 (de
376 3027 494 3136 quibris
520 3044 575 3111 hi'c
604 3044 745 3111 maxime
768 3044 933 3139 agendum
956 3061 1032 3115 est:
1058 3049 1101 3117 ad
1133 3051 1204 3122 illos

136 3155 224 3223 enim
246 3152 389 3247 plurima
413 3151 455 3217 ab
486 3148 698 3243 Obsequente
723 3165 907 3220 memorata
927 3152 1078 3247 prodigia
1100 3160 1203 3250 perti·

137 3257 236 3348 nent)
253 3283 305 3327 res
326 3258 354 3325 si
373 3254 773 3351 spectemus‚'videbimus
790 3281 853 3326 nec
868 3282 1022 3328 romanas
1033 3259 1202 3353 historias,

88 3359 90 3366 ’
135 3391 197 3451 nec
211 3364 420 3458 religionem,
434 3387 541 3457 neque
553 3363 657 3456 ipsam
673 3361 862 3456 reipublicae
875 3363 1099 3435 conditionem
1113 3378 1203 3441 recte

135 3472 300 3567 cognosci
311 3494 407 3564 posse
427 3471 496 3537 sine
516 3467 747 3561 praedictarum
765 3493 878 3537 rerum
899 3472 1043 3540 scientia.
1063 3475 1114 3542 Ut
1131 3501 1201 3547 rem

135 3579 250 3673 paucis
271 3575 460 3645 absolvam:
485 3588 642 3668 quantam
663 3575 876 3644 historiarum
897 3592 1026 3671 partem
1046 3581 1202 3677 prodigia

135 3685 274 3771 faciant,
287 3708 347 3752 nos
364 3680 417 3750 vel
435 3706 521 3750 unus
537 3681 649 3749 Livius
667 3680 779 3766 docet3
795 3696 952 3775 quantam
967 3698 1078 3753 autem
1091 3684 1201 3758 lucem

134 3788 344 3886 publicorum
371 3789 494 3858 rituum
521 3811 563 3856 ac·
588 3788 849 3856 caerimoniarum
878 3786 1088 3887 illustrationi
1118 3793 1201 3866 affe·

132 3910 223 3985 rant,
245 3909 403 3991 quantam
425 3895 582 3988 denique,
600 3908 633 3961 et
650 3917 748 3987 quam
771 3895 1056 3987 prasentissimam
1074 3897 1202 3970 habue-

131 4003 197 4074 rint
214 4002 280 4072 vim
296 4002 337 4071 ad
352 3999 591 4095 rempublicam
603 3998 687 4068 bene
699 4011 799 4093 atquc
812 4001 992 4094 prudenter
1003 4004 1202 4098 gerendam,
