2684 4830
204 333 253 405 30
555 334 910 402 DISSERTATIO

254 468 306 562 Ex
324 490 364 534 eo
386 479 518 550 autem,
539 464 630 557 quod
647 489 753 532 unum
773 464 961 561 prodigium
980 489 1048 534 uno
1069 465 1103 532 in
1125 464 1201 534 loco
1223 466 1270 534 ita

203 572 335 642 duobus*
351 573 446 640 annis
469 568 644 664 aliquando
671 571 714 639 ab
736 571 949 665 Obsequente
971 586 1271 657 commemoratur,

202 677 255 746 vel
274 676 338 748 alio
355 678 452 747 etiam
469 700 576 764 anno,
596 677 688 771 quod
711 677 798 746 idem
816 693 930 772 postea
948 676 1012 745 alio
1031 678 1066 745 in
1087 676 1162 746 ioco
1183 679 1269 748 acci·

203 784 315 871 derat,
336 783 446 852 denuo
467 784 560 876 quasi
579 781 668 852 aliud
689 798 722 853 et
742 808 868 853 novum
889 807 1128 878 nonnunquam
1151 785 1272 878 repeti-

204 906 274 976 tur,
292 888 499 958 emeudanda
516 914 635 958 censeo
658 888 778 959 collata
798 892 884 958 inter
903 915 937 959 se
956 892 1065 983 capita
1085 887 1132 986 73
1151 905 1187 958 et
1206 891 1272 977 82,

204 998 263 1065 ubi
277 998 304 1065 si
322 992 418 1065 tolla's
435 994 645 1065 librariorum
659 996 812 1085 mendas,
827 996 915 1065 idem
930 995 1011 1064 illud
1027 996 1152 1065 factum
1169 1019 1272 1091 appa-

204 1103 301 1173 rebit
317 1103 399 1196 Cap.
416 1099 477 1198 73,
492 1103 558 1170 ait:
576 1107 612 1169 in
625 1103 835 1197 Cephalem'a
853 1103 954 1174 turba
972 1108 1007 1171 irz
1023 1105 1109 1172 ccelo
1127 1118 1274 1171 cantare

204 1214 292 1278 virm
308 1206 438 1277 Vellem
453 1232 532 1277 sane
551 1233 619 1277 non
637 1207 804 1278 sollicitari
819 1210 874 1278 hic
891 1233 910 1278 a
927 1210 998 1277 viro
1015 1209 1114 1277 docto
1133 1210 1169 1276 τὸ
1188 1232 1273 1278 can·

206 1331 282 1384 tare
293 1368 304 1401 ‚
338 1316 516 1408 rogarive,
542 1314 710 1410 quomodo
742 1329 859 1384 cantus
886 1314 939 1383 ille
972 1315 1117 1408 potuerit
1147 1314 1274 1401 videri,

206 1422 349 1490 maxime
362 1423 396 1489 in
410 1419 508 1506 caelo,
524 1434 558 1488 et
568 1426 651 1514 quia
662 1421 728 1490 hoe
740 1445 810 1490 uon
820 1423 1010 1515 intelligat,
1027 1446 1069 1489 ex
1083 1420 1276 1512 conjectura

145 1610 149 1619 Ι
207 1527 370 1623 praeferri,
385 1542 553 1595 constare.
572 1526 663 1615 Quid
678 1530 767 1596 enim
786 1525 971 1621 vulgarius,
983 1551 1084 1619 quam
1099 1531 1194 1595 oiseis
1204 1527 1275 1595 istis

206 1635 241 1703 in
259 1633 481 1702 locutionibus
502 1633 544 1702 ad
570 1636 685 1703 omues
708 1657 824 1702 sensus
849 1630 985 1702 referri?
1007 1632 1047 1700 Id
1066 1631 1275 1726 quodetiam

207 1739 431 1835 lexicographi
447 1764 488 1808 ex
504 1741 690 1834 Augustino
708 1754 742 1808 et
755 1742 890 1807 Donato
907 1738 1037 1808 docent.
1059 1740 1111 1807 Au
1126 1737 1277 1809 Fufetius

208 1872 340 1942 quoque
363 1845 466 1915 videri
487 1843 566 1915 olim
588 1860 719 1939 poterat
735 1844 915 1929 audivisse,
938 1869 1011 1937 quae
1029 1843 1160 1915 dicebat
1176 1842 1277 1914 Tullo

208 1956 439 2022 Romanorum
458 1953 527 2044 regi
548 1950 589 2018 de
609 1974 706 2019 causa
729 1949 807 2019 belli
829 1950 918 2045 apud
939 1952 1012 2019 Liv.
1027 1953 1064 2036 I,
1085 1975 1158 2024 22:
1181 1953 1277 2021 Eam

209 2083 352 2128 causam
368 2057 507 2148 hususee
525 2056 606 2125 belli
618 2057 756 2143 ausisse
769 2056 888 2126 videor
893 2057 913 2133 ,Ρ
925 2058 977 2123 An
997 2057 1096 2125 etiam
1115 2056 1157 2123 ah
1171 2057 1279 2126 AEnea

210 2168 336 2235 sonitus
358 2162 461 2231 videri
482 2176 614 2257 poterat
633 2162 723 2258 apud
743 2163 860 2257 Virgil.
880 2165 954 2231 AEn.
972 2165 1025 2250 II,
1045 2161 1142 2259 731:
1163 2165 1278 2253 Quum

209 2272 327 2341 creber
344 2269 396 2338 ad
412 2292 514 2337 aures
532 2272 636 2337 Visus
658 2268 780 2340 adesse
797 2269 927 2363 pedum
938 2275 1070 2338 som'tus
1081 2270 1100 2338 Ρ
1111 2272 1221 2338 Immo
1242 2272 1279 2338 in

210 2381 282 2474 ipso
297 2377 528 2470 Obsequente,
543 2399 615 2470 cap.
633 2373 723 2444 106:
742 2379 913 2445 Fremitus
930 2375 976 2445 ab
993 2376 1129 2466 irfierno
1146 2374 1200 2450 ad
1210 2399 1278 2445 eae-

212 2487 280 2555 lum
285 2483 384 2576 ferri
401 2486 517 2553 uuus:
534 2506 594 2549 eur
615 2506 683 2550 non
701 2496 735 2551 et
752 2480 807 2551 hic
826 2495 940 2576 rogat,
957 2482 1126 2574 quomodo
1145 2481 1179 2550 id
1198 2507 1279 2551 ocu·

213 2589 252 2660 lis
276 2592 343 2659 suis
367 2587 480 2657 videre
504 2587 665 2656 homines
683 2588 875 2682 potuerint?
904 2592 978 2657 Hoc
1006 2613 1086 2683 ergo
1114 2589 1147 2655 in
1174 2587 1280 2656 verbo

208 2662 341 2791 integra
361 2695 498 2763 omnino
524 2707 557 2762 et
578 2694 772 2789 incorrupta
791 2710 868 2764 sunt
897 2696 957 2763 ista
984 2696 1102 2789 capitis
1126 2692 1193 2787 733
1221 2692 1280 2763 sed

214 2802 278 2872 alio
291 2805 326 2871 in
341 2799 505 2870 vocabulo
520 2824 639 2868 vereor
656 2825 698 2868 ne
712 2802 828 2869 vitium
842 2802 1075 2870 contraxerint.
1091 2802 1175 2888 Quae
1188 2801 1280 2869 enim

216 2925 250 2980 et
268 2906 454 3002 eujusmodi
471 2905 526 2975 iila
539 2905 657 2994 turba,
674 2932 747 3000 quae
761 2908 795 2975 in
809 2906 889 2976 caelo
904 2921 1039 2976 cantare
1053 2904 1144 2976 visa?
1162 2908 1280 2975 Homi-

216 3042 297 3086 num
321 3040 363 3083 an
385 3011 568 3108 pecorum?
592 3005 688 3099 (nam
711 3016 743 3082 in
765 3014 922 3108 prodigiis
945 3013 1024 3082 nihil
1048 3028 1157 3106 potest
1174 3011 1282 3081 videri

217 3123 314 3192 nimis
332 3115 531 3208 absurdum)
545 3144 743 3212 puerorum,
761 3144 803 3188 an
821 3122 984 3206 virorum,
1001 3145 1044 3188 an
1063 3117 1283 3189 feminarum?

217 3229 368 3323 Exprimi
383 3225 535 3320 profecto
549 3224 670 3318 aliquid
682 3226 781 3318 hujus
796 3228 925 3320 generis
938 3226 1107 3296 debuerat.
1124 3227 1189 3297 Sed
1202 3224 1282 3317 quid

218 3332 342 3406 muita?
358 3333 488 3427 scripsit
499 3332 591 3400 haud
602 3331 701 3402 dubie
711 3332 906 3426 Obsequens
918 3332 1019 3416 tuba,
1032 3359 1105 3427 quae
1114 3333 1283 3429 praecipua

219 3457 269 3512 est
279 3442 366 3510 inter
378 3441 471 3533 signa
482 3438 975 3534 militaria,quibusplerumque
984 3457 1107 3509 cannes
1115 3440 1284 3524 tribuitur,

219 3562 253 3618 et
268 3548 311 3616 ad
327 3570 470 3641 quorum
480 3559 621 3640 xcantum
639 3544 749 3639 praelia'
764 3548 928 3615 committi
941 3545 1101 3616 solebant.
1116 3548 1190 3615 Liv.
1204 3548 1235 3629 1,
1255 3569 1283 3612 1:

220 3659 426 3748 Priusquam
444 3657 547 3746 signa
567 3667 737 3720 canerent.
759 3650 876 3721 Florus
891 3654 953 3737 IV,
974 3657 1008 3737 2,
1026 3651 1076 3722 66
1091 3678 1097 3720 :
1112 3654 1209 3722 Ante
1223 3657 1285 3724 ime

213 3767 347 3858 perium
368 3759 464 3828 ducis
483 3782 549 3827 sua
568 3773 690 3858 sponte
709 3764 812 3853 signa
832 3763 1044 3827 cecinerunt:
1066 3759 1107 3827 de
1126 3784 1194 3852 quo
1212 3759 1287 3852 ipso

221 3882 337 3938 auctor
361 3870 397 3935 B.
421 3864 523 3934 Afric.
551 3889 623 3959 cap.
651 3864 698 3934 82
721 3889 728 3931 :
759 3864 897 3956 InJiessu
926 3867 1075 3936 Caesaris
1102 3865 1238 3935 tubicen
1263 3889 1289 3934 a

220 3974 380 4044 militibus
400 3987 555 4055 conetur,
577 3994 702 4038 carzere
720 3977 846 4066 erepit:
867 3971 975 4041 sedet
994 3972 1075 4040 alius
1094 3973 1196 4066 ipsius
1215 3972 1288 4042 Ob.
