2684 4830
192 382 241 463 24
592 373 862 444 rnnrirro

30 570 33 577 .
100 542 102 548 ·
187 509 259 596 hic,
274 532 475 603 quamquam
490 505 642 593 mutilus,
659 530 815 601 magnam
831 519 940 600 potest
954 503 1062 574 lucem
1076 507 1266 576 accendere

188 614 418 710 chronologis,
438 629 472 682 et
491 611 568 702 illis,
587 614 645 706 qui
667 611 768 681 fastos
796 626 991 706 computare
1014 626 1140 701 amant,
1158 636 1259 684 anno

188 746 264 789 rum
290 746 448 789 numeros
467 745 536 789 non
554 717 662 788 solum
682 717 818 812 singulis
841 718 1022 813 capitibus,
1046 718 1166 813 quibus
1187 720 1258 813 jam

187 825 268 896 olim
291 853 359 896 non
385 841 474 895 recte
501 825 750 919 aLycosthene
777 838 873 893 erant
901 823 1039 918 adjecti,
1068 838 1102 893 et
1131 825 1206 894 ideo
1237 851 1258 894 a

187 933 361 1004 Scheffero
382 933 511 1020 omissi,
539 932 662 1026 apponi
682 932 816 1013 curavi3
837 955 954 999 verum
977 932 1096 1019 ctiam,
1116 931 1256 1001 ubicun-

188 1064 252 1134 que
274 1037 488 1133 Obsequens,
511 1037 580 1106 sive
598 1039 718 1131 ipsius,
742 1056 801 1106 seu
818 1035 1027 1106 librariorum
1048 1039 1149 1126 vitio,
1169 1064 1256 1132 quo·

188 1145 342 1214 rumdam
372 1169 535 1213 annorum
561 1143 732 1239 prodigia,
759 1142 812 1212 vel
840 1167 892 1212 res
925 1158 1032 1237 gestas
1059 1169 1127 1214 uno
1148 1146 1263 1240 cupite·⁸

188 1264 358 1338 recenset,
379 1250 454 1338 illa,
478 1275 640 1345 nequem
658 1264 850 1332 morentur,
872 1247 1044 1344 diligenter
1064 1275 1125 1345 per
1147 1275 1255 1319 anno-

187 1382 264 1424 rum
282 1358 529 1426 annotationem
554 1356 695 1425 distinxi.
717 1358 845 1425 Contra
862 1380 960 1442 vero,
979 1381 1082 1450 quum
1099 1381 1203 1425 unum
1223 1371 1256 1425 et

188 1461 275 1530 idem
285 1463 480 1558 'prodigium
495 1464 645 1556 proxime
658 1461 870 1556 sequentibus
885 1461 1047 1556 capitibus
1061 1487 1146 1557 saepe
1161 1487 1256 1558 repe·

188 1582 295 1657 tatur,
310 1585 479 1664 tamquam
497 1568 634 1638 diversis
651 1569 746 1638 annis
762 1566 843 1635 illud
859 1566 1031 1653 acciderit,
1044 1569 1188 1663 imprimi
1199 1569 1255 1638 hic

188 1700 321 1770 quoque
336 1677 451 1746 curavi
466 1675 729 1745 dissertationem
742 1672 912 1744 clarissimi
924 1676 952 1741 J.
963 1675 1140 1763 Perizonii,
1154 1699 1255 1770 mam

148 1801 151 1807 ·
190 1782 232 1850 de
247 1782 361 1852 haere
382 1783 540 1876 scriptam
565 1780 905 1852 animadversionibus
921 1781 987 1849 suis
1003 1780 1168 1850 historicis
1191 1784 1252 1851 im·

188 1889 337 1976 miscuit,
363 1875 501 1983 quaeque
524 1888 623 1982 hujus
650 1886 750 1956 libelli
774 1886 984 1956 illustrationi
1003 1889 1145 1958 maxime
1172 1902 1255 1957 con?

189 1993 290 2062 ducit.
315 1997 544 2088 Quamquam,
574 2009 613 2062 ut
640 2018 757 2062 verum
781 1993 903 2082 fatear,
933 1995 968 2061 in
999 1994 1152 2063 omnibus
1181 1996 1256 2065 viro

151 2158 155 2164 .
188 2098 392 2188 doctissimo,
407 2115 440 2168 et
453 2100 495 2169 de
508 2125 576 2187 me,
592 2102 738 2194 meisque
752 2101 866 2169 studiis
878 2101 1003 2195 optime
1016 2103 1153 2188 merito,
1165 2125 1255 2171 acce·

188 2203 267 2273 dere
287 2232 355 2275 non
373 2232 519 2301 possum.
538 2205 673 2277 Nullam
695 2208 783 2274 enim
800 2206 898 2275 video
917 2230 1068 2294 causam,
1087 2231 1147 2276 cur
1165 2206 1253 2276 idern

187 2311 377 2408 prodigium
399 2313 530 2382 duobus
555 2312 608 2382 vel
630 2314 735 2385 tribus
754 2314 904 2408 proxime
928 2313 1139 2406 sequentibus
1159 2315 1253 2382 annis

187 2418 222 2485 in
244 2432 312 2488 tam
340 2420 566 2513 superstitioso
588 2418 713 2514 populo
737 2421 925 2487 nuntiatum
951 2418 1067 2505 fuisse,
1089 2443 1157 2487 non
1182 2443 1253 2488 cre·

187 2521 315 2594 damus.
340 2527 457 2619 Neque
478 2525 560 2594 adeo
582 2527 746 2594 incertum
769 2525 869 2596 fuisse
888 2526 1145 2593 annuntiationis
1163 2539 1252 2594 tem-

135 2642 141 2653 ·
187 2654 267 2722 pus,
285 2646 373 2699 etex
391 2656 431 2699 eo
442 2650 573 2700 errores
590 2631 687 2700 fuisse
701 2646 812 2718 natos,
827 2646 960 2725 putem:
977 2656 1080 2725 quum
1094 2629 1166 2718 illa,
1180 2640 1254 2726 qua'e

188 2757 208 2802 a
226 2738 323 2806 Livio
340 2752 374 2805 et
389 2737 601 2830 Obsequente
619 2751 862 2822 memorantur,
884 2736 1036 2832 prodigia
1053 2762 1121 2806 non
1138 2738 1253 2807 incon-

187 2845 288 2911 stanti
315 2842 405 2937 vulgi
431 2868 565 2912 rumore
594 2842 853 2936 spargebantur3
881 2843 938 2912 sed
966 2842 1099 2939 publica
1120 2859 1254 2914 senatus

187 2948 662 3038 auctoritateinnotescebant,
678 2964 712 3017 et
730 2951 764 3017 in
782 2948 915 3044 publica
932 2963 1023 3036 acta,
1042 2949 1170 3041 adjecto
1184 2976 1253 3018 non

188 3054 289 3124 modo
303 3057 395 3142 anni,
409 3080 527 3125 verum
543 3058 642 3124 etiarn
657 3054 722 3124 diei
740 3080 896 3142 numero,
913 3055 1149 3124 referebantur.
1170 3059 1253 3130 Prae

188 3175 279 3229 terea
299 3177 367 3230 tarn
390 3162 526 3250 crebro,
549 3160 684 3256 singulis
706 3163 828 3256 quippe
846 3161 979 3247 diebus,
997 3160 1148 3256 prodigia
1166 3164 1251 3232 acci·

188 3266 274 3336 disse
287 3267 497 3354 dicebantur,
509 3267 695 3362 ut'singulis
708 3269 802 3336 annis
815 3269 869 3335 vix
881 3269 1050 3362 potuerint
1062 3267 1125 3336 alia
1138 3294 1252 3337 rursus

188 3372 309 3442 afferri.
333 3372 385 3442 Ad
399 3373 587 3468 reipublicae
605 3388 733 3461 tamen,
753 3388 789 3442 ut
808 3397 908 3467 supra
927 3375 1058 3459 monui,
1078 3373 1252 3443 utilitatem

188 3504 304 3549 eorum
324 3481 530 3549 annuntiatio
548 3495 619 3548 erat
636 3482 828 3549 necessaria.
843 3480 962 3549 Tribus
976 3494 1088 3547 autem
1102 3483 1252 3574 proxime

188 3586 399 3679 sequentibus
428 3586 542 3655 diebus
569 3587 737 3674 nuntiata,
767 3601 800 3654 et
826 3587 860 3653 in
887 3600 1018 3654 senatus
1046 3601 1120 3654 acta
1151 3586 1252 3656 fuisse

186 3691 289 3760 relata
303 3692 469 3787 prodigia,
485 3707 591 3787 patet,
609 3707 647 3760 ut
661 3693 794 3762 Livium
814 3717 904 3760 nunc
923 3694 1089 3779 omittam,
1108 3718 1148 3760 ex
1163 3693 1251 3787 frag·

186 3799 304 3867 mentis
321 3813 472 3867 actorum
493 3813 636 3886 senatus,
656 3823 729 3892 quae
748 3801 813 3867 suis
831 3797 873 3866 ad
893 3801 1087 3868 Suetonium
1102 3798 1252 3866 animad-

135 3962 137 3967 Α
187 3905 392 3976 versionibus
411 3907 547 3977 inseruit
566 3906 617 3972 vir
638 3924 786 3992 summus
807 3909 835 3974 J.
856 3907 1021 4000 Georgius
1036 3906 1211 3974 Graevius:
