2684 4830
260 366 654 434 PRODIGIORUM
680 367 952 434 LIBELLUS.
1088 368 1137 463 39

75 495 208 591 publice
225 510 415 589 susceptum
426 509 492 580 est,
510 509 544 563 et
559 495 692 563 solenne
705 497 839 582 mansit,
853 509 904 583 ut,
921 498 1137 589 quandocun-

74 626 141 696 que
164 601 255 669 idern
273 601 461 695 prodigium
483 602 708 687 nuntiaretur,
735 601 823 669 feriar
843 626 904 695 per
925 627 1045 670 novem
1066 603 1136 672 dies

74 720 262 801 agerentur.
281 706 382 775 Haud
401 708 445 774 ita
467 705 572 775 multo
591 720 667 800 post
687 707 780 798 gravi
797 705 983 799 pestilentia
1003 707 1135 777 labora·-

75 826 216 882 tumest
233 811 393 881 Hostilius
404 812 484 881 dum
494 814 639 880 Numam
652 811 820 880 sacrificiis
832 813 990 899 imitatur,
1001 817 1076 882 Jovi
1092 813 1135 882 li·

74 932 147 987 tare
161 943 231 987 non
243 920 367 1012 potuit,
383 917 440 987 sed
453 917 590 986 fulmine
605 919 706 1004 ictus,
719 942 794 985 cum
805 919 894 1011 regia
908 919 1149 1013 conflagravit..

75 1078 135 1147 IV.
155 1080 258 1147 Anco
277 1080 408 1145 Martio
425 1077 710 1171 regnante—U.
726 1077 764 1144 C.
787 1072 867 1144 126.
878 1077 977 1143 -Α,
993 1079 1032 1145 C.
1047 1076 1134 1148 626.

542 1183 674 1275 Lycost.

126 1332 302 1409 *Lucumo
329 1340 426 1434 graeci
453 1340 623 1409 Demarati
650 1338 755 1425 lilius,
784 1364 822 1408 ac
848 1341 983 1409 Aruntis
1006 1341 1135 1428 frater,

73 1468 253 1539 generosus
279 1444 494 1533 adolescens,
515 1471 618 1539 quum
650 1459 786 1539 parente
818 1445 907 1538 apud
937 1447 1133 1538 Tarquinios

72 1551 248 1638 destructo,
275 1551 450 1620 divenditis
478 1552 574 1619 bonis
605 1551 759 1618 omnibus
784 1553 927 1619 Romam
959 1553 1133 1645 migraret,

71 1656 288 1750 laniculoque
303 1656 372 1750 jam
393 1657 689 1751 appropinquaret,
707 1658 741 1723 in
756 1670 915 1750 carpento
935 1681 1011 1724 cnm
1029 1681 1133 1725 uxore

72 1763 218 1851 sedenti,
242 1761 350 1857 aquila
371 1787 389 1830 e
410 1760 541 1831 sublimi
563 1761 693 1829 dimissa
712 1760 836 1854 pileum
855 1760 1008 1847 sustulit;
1034 1775 1132 1855 atque

72 1893 150 1936 mox
180 1894 279 1962 super
308 1882 502 1962 carpentum
531 1892 607 1936 cum
637 1890 758 1961 magno
790 1865 945 1960 clangore
973 1864 1133 1953 volitans,

70 1997 186 2043 rursus
206 1973 299 2043 velut
318 1974 498 2042 ministerio
519 1971 674 2041 divinitus
692 1973 806 2060 missa,
824 1973 923 2066 capiti
943 1986 1019 2065 apte
1035 1997 1131 2065 repo·

71 2080 145 2148 suit
169 2080 247 2168 Quo
266 2081 354 2166 riso,
373 2078 532 2173 Tanaquil
550 2080 763 2172 auguriorum
778 2080 903 2171 perita,
921 2102 961 2145 eo
979 2078 1131 2172 prodigio

69 2209 210 2282 regnum
233 2187 263 2253 ei
283 2185 435 2280 portendi
456 2183 622 2253 intellexit.
646 2185 787 2252 Pecunia
805 2184 904 2277 igitur
919 2198 952 2250 et
969 2183 1151 2252 industria.

70 2289 280 2383 dignitatem,
296 2305 393 2383 atque
412 2291 509 2358 etiam
529 2291 616 2358 Anci·
631 2290 717 2382 regis
737 2289 990 2358 familiaritatem
1010 2315 1128 2358 conse·

69 2410 210 2489 quntus,
227 2411 326 2490 atque
345 2396 387 2463 ab
409 2396 525 2464 eodem
545 2410 635 2463 tutor
651 2394 762 2464 liberis
781 2394 931 2477 relictus,
949 2395 1028 2464 dum
1046 2398 1127 2462 Tar·

68 2503 172 2594 quinii
198 2503 299 2570 Prisci
322 2526 444 2569 nomen
467 2500 528 2568 sibi
553 2500 755 2587 vindicaret,
782 2515 857 2593 post
878 2501 961 2569 Anci
987 2514 1129 2569 mortem

68 2631 210 2700 regnum
236 2609 428 2700 intercepit,
454 2621 551 2699 atque
581 2608 626 2674 ita
653 2604 910 2692 administravit,
938 2608 1032 2698 qnasi
1053 2607 1127 2697 jure

67 2712 208 2805 adeptus
225 2712 349 2780 brisset.

141 2871 185 2938 V.
212 2869 397 2964 Tarquinio
416 2846 535 2936 Prisco
553 2869 840 2961 regnante—U.
857 2869 895 2934 C.
918 2862 1062 2935 156.-
1127 2881 1130 2885 '

421 2975 458 3040 A.
477 2975 514 3040 C.
539 2968 622 3067 596.
651 2975 781 3065 Lycost

119 3123 249 3200 *Furito
257 3128 343 3199 bello
357 3129 483 3216 sabino,
498 3152 600 3221 quum
612 3128 808 3219 Tarquinius
819 3129 951 3195 Priscus
965 3128 998 3194 in
1014 3142 1127 3196 monte

65 3238 208 3330 Tarpeio
227 3236 329 3305 sedem
347 3237 453 3320 Jovis,
475 3258 573 3327 quam
591 3234 626 3301 in
642 3231 758 3301 eodem
776 3231 862 3299 bello
883 3246 1036 3320 voverat,
1053 3234 1127 3300 aedi·

67 3343 168 3410 ficare
186 3341 294 3427 vellet,
313 3341 428 3434 etjam
446 3362 649 3432 exaugurare
666 3337 741 3405 fana
761 3337 941 3431 sacellaque
960 3337 1022 3406 alia
1037 3338 1127 3430 jube·

64 3463 135 3534 ret,
155 3461 193 3516 ut
210 3446 312 3515 libera
336 3447 500 3537 acoeteris
527 3443 738 3538 religionibus
766 3468 842 3512 area
868 3458 969 3530 esset,
990 3444 1125 3537 jamque

65 3554 215 3621 omnium
236 3551 430 3622 sacellorum
451 3552 723 3644 exaugurationes
742 3548 953 3617 admitterent
972 3573 1069 3635 aves,
1088 3550 1124 3617 in

64 3659 211 3726 Termini
231 3673 361 3727 tantum
384 3658 462 3725 fano
482 3680 689 3749 nequaquam
709 3654 870 3723 addixere.
891 3655 992 3743 Quod
1012 3654 1125 3749 prodi·

64 3765 159 3857 gium-
169 3765 265 3833 firma
279 3761 469 3856 stabiliaque
482 3777 602 3831 cuncta
616 3759 826 3855 portendere,
845 3762 1004 3828 Romanis
1016 3762 1124 3830 visum

63 3884 123 3938 est.
143 3873 326 3963 Sequuturn
344 3883 394 3938 est
411 3883 444 3937 et
461 3867 550 3937 aliud
567 3867 765 3961 prodigium,
784 3865 1044 3959 magnitudinem
1062 3869 1124 3934 im·

63 3976 147 4067 perii
162 3976 371 4069 portendens.
393 3977 478 4046 Nam
502 3988 714 4067 posteaquam
733 3973 835 4041 futuri
856 3970 983 4038 aedificii
1006 3970 1122 4041 funda·

925 4090 967 4172 321
