2684 4830
269 380 959 452 panniolouomnmnnnns.
1092 383 1142 470 aa

84 536 148 607 que
167 509 229 582 alia
243 527 302 581 aut
322 513 498 582 observata
518 511 637 600 oeulis,
659 526 716 581 aut
735 537 837 582 vanas
854 514 1017 583 exterritis
1034 529 1143 584 osten·

84 635 198 688 tavere
215 620 347 713 species.
370 618 500 706 Quibus
522 617 707 687 avertendis
727 620 978 708 terroribns‚vin
997 620 1144 707 triduum

85 717 177 793 feriae
191 722 346 793 indicte:
365 742 425 818 per
440 748 521 818 quas
538 725 650 793 omnia
666 723 819 812 delubra,
838 748 953 820 pacem
970 726 1068 794 deum
1087 751 1143 795 ex·

84 830 292 924 poscentium
320 831 492 916 virorum,
521 829 760 925 mulierumque
788 832 886 899 turba
912 830 1142 926 implebantur.

85 934 214 1003 Bellum
234 948 362 1029 gestum
385 950 434 1004 est
456 961 532 1005 cum
554 924 685 1030 ¹AEquis,
702 952 818 1005 contre
836 962 919 1031 quos
939 940 1056 1007 Furius
1076 939 1143 1033 pn'-

86 1063 178 1108 mum
189 1028 312 1134 parum¹
320 1040 472 1127 feliciter,
487 1042 696 1113 Posthumius
710 1069 791 1112 vero
804 1068 961 1138 prospere
973 1046 1143 1139 pugnavit.

85 1148 234 1214 Antiates
249 1145 385 1228 milites,
402 1161 539 1241 propter
555 1173 664 1216 serum
683 1148 857 1232 auxilium,
874 1175 950 1218 eum
966 1151 1144 1244 ignominia

87 1266 164 1320 sunt
196 1251 328 1319 dimissi.
359 1253 456 1321 Anno
484 1278 563 1322 vero
594 1256 765 1347 sequenti,
795 1256 893 1348 pestis
922 1255 1146 1325 crudelissima

86 1358 202 1426 Romae
223 1371 371 1451 grassata
388 1372 447 1426 est.

85 1569 162 1636 XV.
187 1571 224 1636 T.
240 1570 396 1636 Lucretio
418 1571 633 1662 Tricipitino,
659 1571 696 1637 Τ.
716 1571 855 1637 Veturio
876 1572 1037 1657 Gemino,
1059 1596 1144 1640 coss.

269 1674 368 1741 -U.
389 1675 427 1742 C.
444 1673 635 1768 292.·—-A.
655 1676 694 1743 C.
714 1672 801 1758 460.
829 1674 960 1769 Lycost.

134 1871 289 1966 slterum
314 1876 430 1950 caelum
452 1880 568 1949 ardere
590 1882 717 1968 visum,
741 1896 775 1950 et
796 1882 855 1951 bos
880 1881 1025 1976 loquuta.
1047 1885 1144 1978 AEqui

86 1987 214 2056 omissis
234 1988 382 2074 Latinis,
401 1988 636 2081 Herciuisque,
656 1980 834 2081 properato
860 1990 975 2057 itinere
1003 1993 1144 2058 Romam

85 2107 325 2188 properarunt,
354 2107 392 2160 ut
424 2093 467 2160 ob
495 2094 677 2186 juventutis
705 2093 885 2162 absentiam
909 2094 1025 2163 urbem
1048 2120 1143 2190 cape·
1178 2084 1189 2115 '

86 2211 178 2286 rent,
195 2199 379 2292 quitamen
399 2222 419 2266 a
436 2201 593 2268 Lucretio
616 2224 694 2267 mox
714 2201 948 2286 circumventi,
969 2225 1008 2269 ac
1026 2227 1145 2296 magna

85 2296 196 2398 strage
214 2304 318 2398 fugati
336 2319 421 2373 sunt.
438 2304 637 2374 Volscorum
653 2307 723 2399 agri
737 2329 757 2372 a
770 2308 909 2375 Veturio
925 2309 1042 2375 vastati
1057 2323 1144 2391 suut,

86 2435 227 2503 quorum
248 2411 346 2480 etiam
368 2435 490 2478 nomen
509 2411 578 2479 fere
597 2435 637 2478 eo
655 2435 749 2479 anno
761 2411 906 2480 deletum
928 2427 985 2481 est.

86 2623 182 2688 XVI.
195 2624 236 2688 P.
252 2621 433 2689 Volumnio
445 2621 646 2706 Amentino,
661 2623 776 2690 Servio
789 2622 933 2716 Sulpitio
948 2627 1142 2710 Camerina,
1172 2678 1175 2683 .

231 2727 428 2795 coss—U.
452 2728 490 2795 C.
509 2723 693 2820 293.-A.
714 2729 751 2796 C.
771 2723 856 2822 459.
886 2731 1017 2822 Lycost.

140 2927 267 3020 *Terra
287 2937 412 3030 ingenti
430 2949 524 3004 motu
543 2960 720 3023 concussa,
742 2937 802 3004 bos
816 2936 951 3030 loquuta
962 2928 1017 3023 ,et
1031 2940 1146 3008 caelum

87 3042 206 3109 iterum
223 3040 339 3111 ardere
352 3044 479 3127 visum,
494 3042 547 3110 cui
565 3044 612 3109 rei
627 3043 736 3135 priore
754 3065 841 3111 anno
856 3042 938 3113 fides
952 3071 1020 3113 non
1037 3045 1145 3114 fuerat

88 3147 175 3215 data.
193 3149 302 3216 Variae
318 3162 524 3243 spectrorum
538 3145 654 3234 facies,
670 3146 907 3242 horrendaque
927 3174 1025 3220 voces
1040 3152 1143 3221 oeulis

88 3267 122 3320 et
141 3253 275 3322 auribus
297 3254 471 3323 hominum
495 3254 675 3321 obversatae
702 3268 787 3322 sunt.
814 3257 922 3324 Carne
946 3256 1045 3351 pluit,
1070 3277 1143 3350 quae

87 3358 173 3426 nivis
202 3359 305 3426 instar
326 3385 344 3427 e
366 3358 464 3444 caelo,
486 3358 596 3427 frustis
618 3359 798 3451 majoribus
822 3375 855 3429 et
877 3363 1057 3431 minoribus
1082 3362 1142 3431 de-

88 3466 208 3550 missa,
234 3464 277 3531 ab
303 3467 392 3533 omni
421 3488 540 3558 genere
566 3466 677 3532 avium
705 3466 970 3536 intervolantium
996 3469 1142 3562 direpta,

88 3569 279 3663 priusquam
298 3585 420 3638 terram
438 3571 629 3662 attingeret3
652 3570 815 3664 reliquum
834 3596 913 3641 vero
932 3574 1022 3667 quod
1042 3577 1141 3642 inter·

88 3674 186 3762 cidit,
207 3675 241 3742 in
261 3676 354 3744 Urbe
381 3678 531 3771 agrisque
551 3700 700 3769 sparsum
725 3676 828 3769 jacuit
852 3678 956 3747 multo
978 3693 1143 3773 tempore,

86 3803 149 3848 nee
164 3779 276 3849 colore
292 3797 435 3870 mutato,
452 3807 513 3851 nee
531 3782 648 3869 odore,
667 3798 782 3851 contra
794 3808 921 3853 morem
937 3799 1142 3854 veterascen-

86 3887 170 3955 tium
188 3887 345 3956 oarnium.
364 3889 404 3955 Id
428 3903 519 3956 vates
542 3888 702 3982 indigenae
722 3891 928 3984 interpretari
947 3916 1014 3957 non
1032 3907 1144 3985 potue

87 4006 177 4063 runt.
198 3993 289 4062 Libri
304 4008 413 4064 autem
431 3993 570 4088 sibyllini
591 4010 807 4085 monuerunt,
830 3997 1013 4080 cavendum
1034 3999 1076 4066 ab
1093 4024 1145 4067 ex·
