2684 4830
840 40 867 153 l

152 371 801 397 ΜἈῆΜΜΜΜΜΜΜΜΜΜΜΜ
805 378 1225 406 mmmmm

291 615 566 731 JUDICJA
614 617 1073 733 QUORUMDAM

654 855 709 908 DE

189 1058 459 1191 suero
508 1062 1166 1222 onsuouuuru.

546 1349 801 1373 ⁸*

321 1472 399 1579 Ger.
420 1514 473 1580 Jo«
497 1513 640 1579 Vossius
661 1509 705 1578 de
718 1513 809 1579 Hire.
830 1513 967 1601 lotslt'b.
986 1539 1036 1585 111.

136 1692 181 1809 J
185 1762 306 1808 unlus
326 1739 523 1833 Obsequens
546 1736 631 1807 libro
653 1737 695 1806 de
720 1739 880 1834 Prodigiis
904 1739 1067 1811 inclaruit.
1095 1745 1148 1812 Ex
1170 1771 1212 1816 eo

52 1868 55 1872 ’
142 1842 249 1913 solum
271 1860 420 1939 superest
435 1870 513 1940 pars
535 1843 604 1933 illa,
625 1869 699 1939 quae
716 1860 801 1914 esta
820 1845 993 1916 consulatu
1013 1851 1052 1916 L.
1076 1851 1211 1945 Scipio-

143 1952 194 2020 nis
221 1965 255 2019 et
280 1953 321 2019 C.
352 1951 443 2020 Laelii
467 1951 637 2045 usquead
660 1953 694 2019 Ρ.
718 1952 809 2020 Fabii
833 1967 866 2021 et
890 1954 932 2041 Q.
957 1951 1034 2021 AElii
1057 1955 1210 2026 consula·

140 2070 234 2141 tum3
264 2057 330 2125 hoc
360 2072 429 2144 est,
458 2081 582 2126 annum
610 2057 712 2126 Urbis
737 2081 883 2127 nexunt.
914 2061 966 2126 Ex
990 2077 1209 2153 argumento,

139 2163 230 2256 quod
247 2165 419 2251 tractavit,
439 2163 594 2256 gentilem
613 2162 713 2232 fuisse
731 2165 894 2258 suspicor;
913 2166 1095 2258 vixisseque
1111 2169 1208 2247 mini-

91 2348 93 2352 ·
139 2294 232 2338 mum
250 2284 327 2338 ante
343 2270 482 2338 Honorii
500 2284 665 2364 tempora,
684 2270 803 2363 quibus
822 2268 942 2338 Paulus
958 2273 1098 2341 Orosius
1113 2275 1206 2344 vixit.

140 2376 351 2444 Sebastianus
371 2390 482 2444 tamen
503 2375 670 2444 Corradus
695 2377 729 2442 in
751 2377 928 2464 Quaestura
948 2401 1022 2465 sua,
1041 2401 1116 2472 pag.
1139 2383 1207 2469 ΔΙ,
1247 2420 1250 2435 ·

138 2481 269 2551 videtur
286 2483 320 2550 in
340 2480 403 2550 alia
424 2481 523 2551 fuisse
541 2482 717 2568 sententia,
737 2483 814 2575 quia
835 2497 1014 2576 utrumque
1029 2487 1206 2556 nominans

23 2670 25 2675 Ι
137 2590 293 2658 Orosium
315 2589 496 2683 praemittit.
518 2589 647 2656 Primus
666 2612 747 2656 vero
765 2588 831 2655 hoc
850 2587 1090 2682 fragmentum,
1109 2615 1129 2658 a
1146 2596 1204 2661 Jo-

137 2694 247 2764 oundo
259 2697 452 2764 Veronense
470 2694 532 2763 sibi
547 2692 725 2780 donatum,
744 2692 847 2762 edidit
860 2693 963 2763 Aldus
983 2719 1034 2762 an.
1059 2719 1205 2788 novur,

135 2816 235 2895 atque
244 2803 370 2870 iterum
387 2825 480 2869 socer
497 2801 567 2893 ejus
581 2797 760 2888 Asulanus,
776 2800 936 2870 decennio
950 2816 1034 2895 post.
1052 2805 1203 2874 Priorem

135 2923 280 3001 partem,
293 2933 366 3002 quae
381 2907 534 3002 deperiit,
553 2931 594 2976 ex
607 2907 718 2994 Livio,
731 2908 907 3000 Dionysi0,
922 2909 1098 3002 Eutropi0,
1114 2911 1203 2980 Oro·

135 3015 201 3102 sio,
218 3029 316 3108 atque
336 3012 405 3082 aliis
423 3010 575 3108 supplere
597 3026 646 3080 est
667 3027 805 3082 conatus
828 3012 1002 3081 Conradus
1023 3016 1203 3108 Lycosthe·

134 3145 210 3207 nes,
232 3136 331 3214 atque
353 3118 386 3187 id
408 3120 441 3186 in
461 3117 653 3213 praefatione
669 3116 769 3186 libelli
790 3120 859 3213 ipse
878 3119 1065 3214 profitetur.
1089 3122 1201 3192 Etiam

133 3227 295 3322 capitibus
312 3250 332 3294 a
349 3249 384 3294 se
403 3224 520 3293 additis
539 3226 730 3293 asteriscum
750 3223 906 3319 praefixit,
925 3239 978 3311 ut,
997 3250 1069 3319 quae
1092 3227 1200 3297 Obse-

132 3335 281 3428 quentis‚
308 3357 446 3427 quaeque
469 3345 579 3400 assuta
601 3329 731 3415 forent,
757 3329 1007 3425 meliusposset
1029 3336 1199 3426 cognosci.

132 3442 218 3509 Satis
238 3441 310 3508 haec
335 3453 426 3507 certa
450 3451 527 3506 sunt
545 3462 585 3505 ex
608 3436 750 3504 editione
768 3435 944 3504 basileensi
962 3441 1015 3505 Jo.
1038 3440 1198 3532 Oporini,

133 3548 187 3615 cui
204 3571 302 3641 eapse
319 3546 352 3613 in
369 3545 452 3613 urbe
470 3544 695 3638 Lycosthenes
712 3556 854 3636 praeerat
872 3566 923 3610 an.
940 3567 1057 3612 nunu.
1079 3546 1200 3615 Postea

131 3677 211 3722 vero
228 3658 279 3722 Jo.
299 3652 500 3737 Tornaesius,
519 3648 746 3743 typographus
763 3650 890 3742 regius,
910 3648 1066 3743 Lugduni
1088 3650 1198 3720 Obse-

132 3761 260 3854 quentis
277 3756 422 3827 libellum
442 3781 462 3825 a
481 3755 689 3849 Lycosthene
703 3755 748 3823 ita
766 3753 956 3849 suppletum
986 3754 1102 3843 edidit,
1118 3778 1198 3827 cum

130 3865 322 3961 praelatione
336 3863 468 3958 quidem
485 3861 719 3954 Lycosthenis,
740 3885 856 3929 verum
878 3853 1041 3954 (quaeres
1061 3863 1198 3955 pessimi

129 3988 178 4041 est
199 3965 358 4065 exempli)
380 3971 448 4039 sine
474 3968 646 4036 asteriscis.
671 3966 770 4035 Unde
795 3993 883 4036 nunc
911 3966 982 4035 fieri
1006 3967 1137 4052 videas,
1157 3983 1199 4038 ut
