2684 4830
582 362 767 429 KAPPII.
1186 373 1207 444 3

140 493 330 588 bibliopolae
347 493 626 566 commendarem.
646 495 793 561 Primum
813 496 900 562 euim
921 497 998 566 Julii
1011 502 1206 600 Obsequen.

142 601 185 669 tis
199 599 341 687 libellus,
356 599 491 670 mutilus
504 598 581 669 licet
596 623 635 668 ac
647 599 860 693 imperfectus
870 601 913 670 ad
927 628 989 674 nos
1001 619 1204 703 pervenerit,

140 733 162 776 a
196 707 274 776 viris
297 706 395 800 longe
420 705 616 775 doctissimis
642 719 676 773 et
709 705 744 773 in
773 730 810 773 re
839 707 954 778 critica
981 715 1205 813 principatum

141 815 330 882 tenentibus
354 815 421 882 Jos.
444 811 631 906 scaligero,
658 813 756 906 Casp.
776 814 932 899 Bartbio,
954 819 1028 888 Nic.
1051 825 1205 915 Heinsio,
1283 830 1287 845 '

140 923 210 988 tae.
231 920 415 1003 Perizonio‚
431 919 524 988 Gisb.
541 920 789 1012 Cupero,Jano
804 921 1030 1013 Broukhusio,
1045 930 1114 999 Pet.
1129 937 1208 1004 Bur.

141 1049 285 1107 manno,
317 1024 453 1119 aliisque
481 1023 593 1093 multis
623 1022 743 1116 dignus
774 1024 906 1096 habitus
941 1044 1009 1118 est,
1040 1060 1137 1128 quem
1163 1042 1206 1112 ab

140 1130 311 1200 erroribus
335 1130 545 1200 librariorum
569 1144 769 1224 purgarent,
795 1145 830 1200 et
856 1133 1002 1225 pristinoe
1026 1139 1207 1238 integritati

140 1238 374 1323 restituerent3
395 1236 514 1305 deinde
537 1237 675 1330 contigit
702 1235 771 1322 illi,
801 1237 892 1330 quod
918 1243 1029 1312 nescio
1057 1271 1101 1316 an
1125 1252 1206 1322 nulli

140 1344 294 1437 scriptori
315 1342 416 1411 latino
440 1344 577 1428 minori,
601 1357 638 1411 ut
662 1344 857 1436 saepissime,
878 1359 912 1412 et
930 1349 1030 1419 vicies
1053 1357 1204 1447 quidem,

139 1450 175 1516 in
197 1447 308 1535 ltalia,
333 1449 530 1535 Germania,
552 1447 725 1533 Helvetia,
752 1448 879 1537 Gallia,
904 1452 1047 1549 Anglia,
1073 1461 1205 1558 Belga,

139 1555 260 1648 partim
276 1580 353 1625 curn
370 1553 439 1623 aliis
451 1554 558 1641 libris,
576 1556 696 1648 partim
715 1558 868 1640 seorsim,
886 1556 1049 1650 ederetur,
1066 1580 1100 1647 et
1118 1593 1206 1639 com.

138 1663 308 1730 mentariis
321 1663 468 1729 virorum
484 1661 767 1747 doctissimomm,
781 1665 875 1730 Joan.
892 1664 1069 1757 Schefferi,
1084 1674 1204 1744 Thom.

138 1769 291 1850 Heamii,
310 1768 475 1836 Francisci
493 1766 740 1859 Oudendorpii‚
759 1782 821 1837 etc.
841 1767 1067 1844 illustraretur.

192 1875 276 1962 Quae
300 1899 402 1967 quum
424 1887 646 1967 reputassem,
672 1873 813 1957 credidi,
837 1899 891 1942 me
916 1877 1071 1950 studiosis
1096 1881 1205 1955 bona-

137 2003 213 2047 rum
226 1979 395 2048 literarum
407 2002 476 2047 rem
493 1978 583 2047 haud
595 1979 757 2072 ingratam
773 1979 957 2070 facturum,
974 1985 1001 2052 si
1012 1985 1204 2062 hunclibel·

137 2084 208 2153 lum
233 2111 251 2154 a
277 2098 328 2153 tot
350 2087 487 2154 summis
509 2085 586 2152 viris
608 2083 652 2151 ob
675 2083 889 2177 multiplicem
914 2112 1011 2157 usum
1030 2092 1205 2189 diligenter

137 2189 336 2278 lectitatum,
367 2189 585 2284 explicatum,
616 2203 649 2258 et
679 2191 790 2282 magni
822 2192 1039 2285 aestimatum,
1067 2220 1205 2297 propter

136 2299 323 2391 argumenti
345 2298 540 2392 gravitatem
563 2294 703 2364 lectione
725 2320 883 2389 perquam
907 2298 1063 2395 dignum,
1086 2313 1203 2404 saepius

136 2403 270 2498 quidem
291 2403 433 2490 editum,
457 2400 562 2470 nihilo
588 2403 697 2469 minus
723 2415 833 2470 tamen
856 2428 932 2473 raro
954 2407 1108 2499 obvium,
1126 2433 1203 2509 post

136 2513 201 2580 LII
223 2534 387 2579 annorum
409 2506 642 2594 intervallum,
657 2508 691 2575 in
711 2507 762 2576 his
784 2510 972 2602 regionibus
994 2515 1114 2586 iterum
1140 2547 1200 2592 ex-

136 2615 351 2702 cudendum,
379 2629 413 2682 et
446 2615 594 2683 omnium
624 2614 737 2681 usibus
771 2617 1003 2708 exponendum
1039 2649 1200 2698 curarem.

134 2724 245 2816 Atque
257 2747 359 2816 quum
372 2721 478 2813 major
491 2718 612 2788 utilitas
628 2734 713 2788 esset
724 2723 959 2815 exspectanda,
969 2727 995 2795 si
1004 2729 1200 2826 Obsequens

135 2853 213 2897 curn
236 2831 322 2897 notis
344 2827 514 2911 ederetur,
540 2825 581 2893 ad
604 2851 684 2919 quas
705 2827 843 2920 quisque
866 2831 904 2898 in
922 2829 1004 2900 locis
1028 2834 1137 2907 dubiis
1159 2866 1199 2911 ac

134 2933 322 3028 depravatis
352 2957 523 3001 recurrere
551 2947 682 3026 posset3
712 2933 872 3014 Schefferi
904 2949 937 3004 et
967 2939 1196 3042 Oudendorpii

133 3040 453 3125 animadversiones,
478 3039 597 3108 criticis
623 3063 752 3106 summo
776 3063 939 3109 consensu
965 3045 1140 3137 probatas,
1163 3068 1196 3121 et

132 3145 246 3215 multis
273 3144 423 3214 laudibus
453 3143 716 3230 concelebratus,
739 3146 882 3240 integras
908 3147 1049 3241 adjicere
1075 3161 1193 3243 statui3

132 3253 197 3322 bac
215 3267 326 3322 tamen
344 3252 432 3346 lege,
450 3265 487 3318 ut
507 3252 579 3320 haec
596 3250 695 3319 editio
710 3252 831 3319 minori
851 3278 929 3342 aere,
945 3280 1045 3348 quam
1062 3263 1195 3332 Ouden-

132 3357 310 3453 dorpiana,
331 3357 447 3426 redimi
467 3372 586 3451 posset.

184 3468 364 3558 Postquam
382 3465 448 3534 boc
465 3462 647 3556 Vierlingio
665 3488 740 3532 meo
758 3468 921 3558 persuasi,
938 3467 1009 3539 haec
1027 3470 1122 3540 nobis
1140 3473 1191 3544 lex

131 3571 211 3657 fuit,
230 3585 268 3638 ut
280 3573 360 3639 vitia
376 3570 627 3664 typographica,
645 3594 785 3663 quorum
810 3594 887 3639 sane
907 3598 974 3640 non
994 3599 1101 3668 pauca
1125 3579 1192 3650 fue·

131 3702 168 3745 re
191 3679 225 3745 in
245 3677 388 3746 editione
399 3677 442 3746 ab
459 3675 698 3769 Oudendorpio
719 3675 896 3764 adornata,
917 3681 1191 3773 emendarentur,

130 3782 206 3853 loca
233 3783 393 3853 librorum
421 3785 455 3851 in
480 3785 568 3866 notis
602 3781 810 3850 laudatorum
837 3787 1021 3855 accuratius
1050 3791 1190 3862 citaren-

130 3905 197 3978 tur,
209 3904 308 3984 atque
325 3891 432 3983 capita
449 3887 624 3975 librorum,
638 3903 672 3956 et
691 3890 823 3958 minora
840 3906 1010 3986 segmenta
1024 3919 1090 3964 una
1112 3924 1189 3968 curn

129 3996 329 4066 editionibus
349 3995 402 4063 vel
420 3996 549 4089 paginis
564 3995 842 4088 exprimerentur,
860 4010 898 4064 ut
915 4001 1026 4068 omnia
1044 4001 1193 4074 faciliora

980 4130 1017 4199 ¹2
