2684 4830
132 350 154 421 8
529 350 799 420 PRAEFATIO

130 482 182 551 vel
202 484 408 579 inopinatum
429 482 577 552 oblatum
592 496 700 568 esset,
717 482 938 575 piacularibus
957 486 1124 559 sacrificiis
1145 489 1196 558 sa·

129 591 205 675 ctis,
223 588 265 657 ad
280 588 458 685 placandas
470 589 608 658 deorum
623 591 690 657 iras
702 587 755 655 vel
769 587 859 658 feriae
874 586 1120 680 indicebantur,
1135 611 1197 664 aut

126 693 345 783 lectisternia3
359 719 598 789 nonnunquam
612 694 711 763 etiam
725 692 880 763 ludorum
892 696 1095 768 celebritates
1108 725 1195 793 pon-

126 801 252 871 tificum
274 801 409 870 decreto
435 801 709 895 procurabantur.
734 801 871 871 Fiebant
892 817 1002 871 autern
1027 805 1194 900 supplica·

125 909 233 976 tiones
260 931 337 977 curn
360 906 487 976 solenni
514 908 724 1001 precatione,
750 907 845 975 Urbe
861 923 949 995 tota,
972 911 1060 979 circa
1078 915 1194 981 omnia

124 1011 266 1109 templa,
284 1012 426 1106 fanaque
448 1028 481 1082 et
500 1013 702 1107 pulvinaria,
721 1013 756 1079 in
778 1013 897 1107 quibus
918 1015 1025 1086 honos
1051 1015 1112 1086 diis
1133 1018 1192 1086 da-

123 1119 239 1206 batur,
257 1134 425 1189 senatores
443 1135 477 1188 et
498 1121 628 1213 patricii
651 1143 728 1188 curn
754 1118 912 1190 uxoribus
934 1145 973 1190 ac
991 1121 1101 1191 liberis
1119 1123 1207 1217 ple-⁶

123 1250 264 1319 rumque
286 1228 449 1315 coronati,
468 1249 707 1319 nonnunquam
728 1249 843 1295 omnes
861 1227 966 1295 tribus
988 1242 1021 1296 et
1039 1228 1190 1318 ordines,

123 1347 292 1425 praeeunte
316 1331 473 1427 pontifice
497 1332 660 1417 maximo,
682 1329 859 1427 aliquando
880 1332 1081 1421 duumviris,
1104 1361 1188 1429 prae-

123 1437 316 1507 cedentibus
348 1440 458 1533 pueris
486 1436 669 1523 libertinis,
696 1461 739 1505 ae
765 1437 948 1532 virginibus
978 1442 1127 1533 patrimis
1155 1458 1190 1512 et

122 1545 299 1632 matrimis,
312 1543 447 1638 praelata
462 1568 586 1639 pompa
600 1542 789 1636 frequentes
805 1543 1006 1638 supplicare,
1023 1561 1056 1614 et
1070 1571 1188 1640 pacem

122 1649 262 1719 deorum
275 1649 511 1719 immortalium
523 1674 700 1743 exposcere
714 1648 872 1721 solebant.
886 1652 962 1719 Fuit
975 1675 1053 1719 sane
1066 1679 1188 1747 magna

121 1755 194 1827 haec
221 1759 397 1850 conjuncta
424 1758 569 1826 caecitate
599 1755 723 1850 religio.
754 1754 884 1849 Religio
911 1757 1067 1850 quidem,
1095 1761 1187 1852 quod

121 1888 189 1931 non
210 1864 406 1949 dubitarint,
424 1862 571 1930 divinum
590 1859 756 1956 quoddam
773 1887 1001 1950 numenesse,
1020 1889 1086 1957 quo
1104 1889 1186 1934 cun·

121 1983 175 2038 cta
193 1970 473 2063 gubernarentur,
490 1983 525 2037 et
546 1969 640 2061 cujus
659 1966 822 2036 beneficio
839 1969 1000 2037 virtutum
1021 1986 1186 2042 amatores

121 2089 412 2155 remunerarentur
429 2073 539 2168 aliquo
559 2073 713 2168 praemi0,
734 2087 980 2168 contemptores
1004 2100 1085 2145 vero
1107 2077 1185 2146 affi-

121 2196 276 2250 cerentur
299 2179 479 2275 supplicio:
503 2181 547 2249 ob
567 2203 667 2274 quam
690 2202 825 2248 causam
846 2181 947 2249 iratos
969 2181 1030 2250 sibi
1047 2183 1126 2252 deos
1144 2186 1185 2253 ti-

6 2328 9 2336 ·
120 2302 291 2375 muerunt,
314 2287 545 2378 sacrificiisque
562 2284 693 2379 placare
711 2310 832 2380 magno
848 2287 956 2355 studio
971 2291 1082 2356 conati
1097 2305 1183 2359 sunt.

121 2394 259 2462 Caecitas
273 2417 370 2480 vero,
383 2392 473 2486 quod
486 2417 589 2485 quum
603 2393 673 2460 veri
688 2405 722 2459 et
736 2392 972 2486 omnipotentis
990 2395 1053 2462 Dei
1069 2398 1182 2488 cogni-

119 2500 244 2568 tionem
261 2497 385 2567 nullam
403 2497 596 2583 habuerint,
612 2497 758 2589 ejusdem
771 2512 883 2567 tamen
897 2499 1046 2586 consilia,
1062 2515 1183 2571 satanae

118 2594 231 2698 (quern
250 2630 290 2673 eo
308 2619 458 2699 ternpore
475 2604 536 2671 sub
553 2602 729 2697 Apollinis,
747 2603 854 2691 Ideae,
875 2603 1080 2700 aliorumque
1098 2606 1182 2677 deo-

120 2735 196 2778 rum
212 2711 320 2806 specie
336 2700 503 2796 colebant)
519 2712 685 2803 responsis
699 2708 886 2804 explorare,
898 2724 996 2805 atque
1008 2714 1181 2782 imminen-

121 2831 187 2886 tem
202 2816 327 2887 delictis
341 2814 654 2910 poenam,religione
669 2816 711 2884 ab
727 2815 916 2885 hominibus
931 2818 1085 2903 conficta,
1098 2822 1182 2888 miti·

120 2948 217 3016 gare,
242 2938 340 3016 atque
364 2923 495 3017 penitus
516 2921 663 3016 effugere
684 2921 745 2990 sibi
767 2925 1010 3016 persuaserint:
1036 2950 1179 3018 quorum

120 3043 232 3099 tamen
245 3031 383 3100 caecitati
396 3027 491 3097 facile
503 3028 634 3096 veniam
647 3028 759 3115 dabis,
775 3031 801 3097 si
818 3029 923 3097 verbo
938 3031 1001 3098 Dei
1022 3029 1119 3125 plane
1139 3058 1180 3100 eo

119 3149 270 3231 ternpore
282 3136 417 3205 orbatos
426 3134 525 3204 fuisse
533 3133 744 3222 intellexeris,
757 3137 825 3203 sine
835 3135 928 3228 cujus
939 3135 1179 3207 illuminatione

117 3245 151 3312 in
165 3244 333 3337 perpetuis
345 3242 538 3336 ignorantiae
552 3239 679 3311 nebulis
691 3241 905 3310 versabimur.
920 3245 980 3311 Est
988 3244 1076 3310 enirn
1085 3247 1180 3336 quasi

118 3349 207 3418 sidus
228 3348 395 3442 quoddam
413 3346 560 3417 lucidum
577 3349 612 3415 in
625 3348 790 3434 tenebris,
804 3362 991 3417 monstrans
1006 3373 1092 3416 verae
1107 3354 1176 3444 pie·

116 3457 191 3525 tatis
209 3457 318 3542 viam,
337 3470 371 3523 et
387 3478 453 3547 quo
472 3468 599 3522 mentes
618 3454 791 3522 hominum
808 3476 887 3521 vera
905 3455 969 3522 Dei
989 3456 1178 3548 cognitione

113 3561 337 3648 illustrantur,
360 3584 545 3653 novamque
565 3558 671 3628 lucem
697 3559 773 3628 lidei
797 3562 1007 3654 concipiunt,
1027 3586 1066 3628 ac
1081 3561 1178 3653 juxta

113 3667 389 3761 illud,tamquam
404 3670 627 3760 Cynosuram,
642 3691 776 3734 omnem
792 3667 867 3732 vitae
885 3690 1019 3734 cursum
1034 3666 1177 3760 dirigere

112 3773 263 3860 discunt,
278 3772 373 3866 juxta
386 3771 466 3840 illud
478 3770 747 3865 psalmographi,
760 3774 918 3840 Lucerna
930 3772 1078 3867 pedibus
1092 3782 1178 3843 meis

109 3879 249 3949 verbum
269 3895 383 3964 tuum,
406 3892 440 3948 et
458 3876 553 3964 alibi,
577 3880 698 3970 Diro'ge
717 3902 770 3946 me
789 3884 826 3946 in
847 3877 952 3947 verbo
974 3894 1009 3946 et
1027 3885 1178 3949 ueritate

109 4002 178 4056 aaa.
192 3986 264 4058 Nec
275 3985 347 4056 lieri
360 4009 438 4055 sane
449 3982 517 4053 ullo
532 3983 631 4054 modo
643 3997 763 4078 potest,
771 3985 850 4078 quin
860 3984 1010 4076 homines
1023 3985 1086 4054 hac
1098 3983 1174 4055 luce
