2684 4830
93 356 95 363 ‘
216 375 264 446 aa
470 376 613 443 sucu
640 375 1016 462 oasaouanrrs

213 532 312 602 quam
328 510 511 576 Laurentes
532 505 739 592 incidissent,
763 507 899 574 omnino
918 508 1025 575 visum
1043 520 1112 593 est,
1133 509 1220 576 Tatii
1240 524 1276 578 et

213 612 398 707 legatorum
413 611 501 682 coede'
519 610 641 680 violato
652 611 727 705 jure
738 612 900 706 gentium,
911 615 1041 706 utrique
1054 614 1178 682 civitati
1188 615 1275 683 iram

215 720 360 788 numinis
379 716 574 813 expiandam
593 742 672 786 esse.
695 717 808 806 Quare
827 716 945 787 deditis
966 717 1064 788 caedis
1082 720 1276 789 auctoribus

216 839 250 893 et
270 825 312 892 ab
329 826 477 917 utrisque
498 823 659 918 supplicio
678 823 823 910 affectis,
837 824 879 891 ab
892 824 930 892 iis
945 823 1038 892 malis
1053 824 1226 894 manifeste
1239 850 1276 894 se

215 943 422 1024 receperunt.
449 928 611 998 Romulus
630 929 869 1024 expiationibus
890 931 1038 998 civitates
1058 932 1275 1025 expurgavit,

216 1060 298 1128 quas
316 1034 416 1128 longo
435 1035 590 1130 deinceps
610 1049 760 1130 tempore
780 1035 822 1104 ad
837 1049 967 1130 portam
981 1038 1190 1105 Ferentinam
1210 1037 1273 1105 ob·

215 1155 375 1225 servatas,
387 1142 553 1209 memoriae
568 1140 725 1210 traditum
736 1154 795 1210 est
809 1143 936 1210 Verum
949 1140 1044 1211 editis
1054 1141 1123 1234 jam
1137 1143 1276 1210 immor·

214 1243 336 1314 talibus
354 1247 526 1341 operibus,
547 1272 650 1339 quum
668 1246 711 1314 ad
726 1249 889 1340 Capream
911 1245 1064 1341 paludem
1079 1249 1275 1316 concionem

215 1351 257 1418 ad
274 1350 393 1420 milites
413 1353 568 1439 haberet,
588 1352 696 1420 subita
716 1367 831 1421 coorta
852 1366 1031 1446 tempestas
1053 1377 1130 1422 cum
1151 1377 1276 1447 magno

215 1456 363 1550 fragore,
382 1457 640 1552 tonitribusque,
659 1471 727 1525 tam
746 1457 849 1526 denso
866 1483 978 1552 regem
997 1460 1128 1552 operuit
1143 1457 1276 1545 nimbo,

215 1577 253 1630 ut
267 1577 481 1658 conspectum
497 1564 568 1656 ejus
587 1564 739 1632 concioni
754 1562 943 1651 abstulerit,
962 1588 1024 1633 nec
1041 1563 1196 1658 deinceps
1213 1586 1276 1632 un·

216 1692 315 1760 quam
335 1670 369 1736 in
392 1669 486 1738 terris
509 1670 707 1763 apparuerit.
730 1671 872 1738 Romani
890 1685 1000 1740 autem
1018 1668 1138 1739 milites
1154 1667 1276 1755 alulio

216 1772 357 1842 Proculo
376 1773 500 1862 edocti,
519 1773 562 1842 ad
583 1774 664 1843 deos
683 1799 801 1869 regem·
815 1790 946 1870 raptum
963 1800 1050 1864 esse,
1063 1774 1192 1845 divinos
1210 1790 1277 1845 sta·

217 1881 275 1947 tim
293 1877 340 1946 illi
357 1880 501 1949 honores
520 1879 749 1949 exhibuerunt.

115 2025 123 2041 ’
217 2037 260 2104 ΙΙ.
285 2030 404 2106 Numa
417 2038 585 2131 Pompilio
594 2039 880 2130 regnante-U.
896 2039 934 2105 C.
949 2039 1116 2131 [ip—A.
1132 2039 1170 2105 C.
1188 2032 1275 2131 705.

671 2144 803 2234 Lycost.

270 2292 423 2368 *Annum
434 2300 503 2392 jam
516 2313 671 2368 octavum
686 2314 844 2393 regnante
858 2302 982 2386 Numa,
991 2301 1127 2370 morbus
1141 2301 1278 2395 pestifer

220 2404 349 2473 Italiam
371 2428 557 2498 occupans,
581 2407 724 2473 Romam
743 2429 874 2498 quoque
896 2407 1036 2490 invasit,
1061 2406 1279 2476 maerentibus

222 2535 302 2578 vero
323 2511 470 2596 cunctis,
487 2509 609 2604 peltam
626 2534 750 2578 aeneam
769 2536 789 2578 e
809 2508 890 2578 caelo
908 2512 942 2578 in
955 2513 1074 2580 Numae
1091 2536 1209 2581 manus
1224 2512 1280 2581 de·

219 2616 353 2703 cidisse,
375 2616 541 2684 memoriae
563 2616 729 2709 proditum
745 2631 814 2684 cst:
838 2641 911 2708 quae
927 2617 962 2683 in
983 2617 1083 2685 Urbis
1104 2616 1243 2686 salutem
1258 2643 1280 2686 a

219 2723 343 2815 superis
364 2723 464 2790 missa
480 2720 683 2789 credebatur.
699 2722 752 2790 Ad
766 2722 860 2814 cujus
875 2721 1016 2816 figuram
1036 2747 1141 2816 quum
1157 2726 1279 2792 Numae

218 2828 375 2896 instinctu
387 2826 540 2894 undecim
554 2852 573 2895 a
584 2829 722 2896 Veturio
734 2828 900 2896 Mamurio
913 2828 1032 2923 insigni
1044 2828 1169 2898 artifice
1181 2829 1279 2899 fabri·

219 2947 300 3000 catae
315 2947 438 3019 essent,
452 2931 530 3000 Salii
544 2934 660 3000 Martis
674 2933 859 3002 sacerdotes
873 2932 915 3001 ad
928 2958 1041 3001 earum
1057 2934 1241 3003 custodiam
1258 2959 1279 3002 a

220 3063 296 3132 rege
316 3039 454 3106 instituti
472 3051 557 3105 sunt.

218 3198 280 3263 ΙΙΙ.
307 3196 404 3265 Tella
412 3197 853 3290 Hostilaoregnante.—U.
873 3199 911 3265 C.
931 3200 1117 3291 ιο9.-Α.
1134 3198 1173 3266 C.
1187 3195 1277 3284 643.

680 3305 813 3396 Lycost.

269 3453 330 3527 *In
342 3473 455 3527 monte
467 3457 596 3527 Albano
607 3458 769 3554 lapidibus
782 3457 876 3552 pluit,
890 3459 981 3552 quod
996 3483 1098 3551 quum
1117 3458 1206 3528 credi
1220 3462 1280 3531 vix

217 3580 349 3659 posset,
370 3566 476 3634 missis
499 3565 540 3632 ad
561 3565 595 3633 id
616 3564 787 3633 visendum
812 3564 1017 3658 prodigium,
1040 3565 1076 3632 in
1098 3580 1281 3659 conspectu

217 3671 306 3738 haud
325 3670 428 3757 aliter,
450 3695 548 3764 quam
569 3695 671 3765 quum
692 3670 884 3765 grandinem
900 3671 990 3738 venti
1008 3669 1223 3765 glomeratam
1244 3673 1281 3741 iu

219 3791 322 3846 terras
349 3790 470 3870 agunt,
497 3776 604 3845 crebri
630 3776 776 3845 cecidere
804 3775 845 3844 dc
874 3774 954 3844 caelo
980 3775 1112 3872 lapides.
1139 3778 1215 3845 Vox
1240 3802 1282 3846 ex

216 3884 335 3950 summi
357 3884 535 3951 cacuminis
554 3880 630 3952 luco
650 3880 762 3949 andita
782 3895 847 3968 est,
870 3906 943 3976 quae
964 3882 1137 3969 monebat,
1159 3896 1198 3950 ut
1219 3906 1281 3976 pa-

214 3990 277 4057 trio
297 3991 361 4057 ritu
383 4012 474 4058 sacra
492 3988 611 4058 Albani
628 3987 782 4058 facerent.
797 3987 1013 4059 Novemdiale
1026 3989 1129 4083 igitur
1145 4011 1280 4059 sacrum
