2684 4830
324 339 551 413 DISSERT.
579 346 607 410 J.
636 345 912 415 PERIZONII.
1100 371 1148 443 29
1198 344 1200 351 ’

85 481 182 549 Caere
202 502 222 546 e
241 501 315 572 cap.
338 501 408 574 79,
433 476 491 545 ubi
512 475 625 544 itidem
652 479 749 547 Care
770 481 949 570 sanguinis
971 481 1036 546 rivi
1057 493 1150 549 terra

68 581 280 674 findernam
300 584 346 653 sic
361 586 434 678 cap.
452 606 520 679 70,
542 607 604 678 pro
620 607 678 670 eo,
692 583 784 677 quod
795 582 1012 677 Larmu'faa
1023 584 1151 654 ardens

84 695 120 759 in
134 691 221 760 coelo
234 693 312 758 uisa
328 688 466 785 legitur,
486 687 698 758 scribendum
716 703 788 757 erat
805 691 965 775 Lanuvii,
987 703 1059 757 tum
1072 693 1150 784 quia

84 796 199 864 Livius
215 819 303 883 aar,
332 798 393 883 16,
412 796 500 864 unde
518 796 631 864 omnia
652 796 744 864 istius
768 796 846 863 anni
864 794 1015 890 prodigia
1034 795 1149 865 eadem

85 904 168 971 serie
184 901 357 996 descripsit
364 901 583 997 ‘Obsequens,
605 902 650 968 ita
671 900 756 988 edit,
772 914 844 969 tum
860 902 936 995 quia
955 901 1151 995 Obsequens

85 1009 185 1076 etiam
208 1008 358 1103 sequenti
378 1009 486 1103 capite
507 1008 595 1076 idem
616 1006 806 1101 prodigium
828 1010 975 1077 Lanuvii
994 1007 1152 1078 accidisse

86 1114 208 1183 scribit.
230 1113 296 1182 Sed
314 1127 348 1181 et
365 1113 572 1209 prodigium,
594 1112 684 1206 quod
706 1112 827 1182 alicubi
841 1113 911 1206 jam
934 1128 1106 1204 evenerat,
1125 1116 1153 1184 si

85 1219 218 1313 quando
241 1221 340 1288 etiam
367 1217 443 1288 alibi
468 1233 584 1314 postea
610 1219 791 1305 evenisset,
815 1243 835 1287 a
863 1217 1031 1288 nonnullis
1053 1223 1151 1290 etiam
1262 1300 1265 1304 .

86 1325 226 1394 alterum
244 1324 341 1413 illud,
359 1327 463 1420 priori
478 1325 553 1394 loco
571 1325 864 1410 damosacum,
882 1326 917 1392 in
932 1327 1152 1420 posteriorem

85 1432 176 1500 hunc
192 1456 317 1501 annum
333 1431 465 1499 videtur
480 1431 694 1513 translatum,
708 1432 802 1524 quasi
819 1432 891 1500 istie
906 1446 987 1499 tunc
1002 1431 1153 1521 demum,

85 1552 120 1605 et
150 1539 195 1605 ita
225 1536 321 1606 simul
349 1537 479 1606 duobus
505 1536 586 1605 locis
617 1537 733 1606 eodem
764 1561 852 1604 anno
883 1539 1039 1606 evenerit.
1069 1540 1153 1608 Inde

86 1643 211 1712 factum
239 1667 332 1730 reor,
354 1656 392 1710 ut
419 1644 517 1711 etiam
542 1642 620 1710 talia
643 1643 839 1737 Obsequens
862 1642 993 1711 duobus
1015 1643 1154 1714 diversis

86 1749 201 1834 annis,
230 1749 341 1841 priore
372 1745 429 1815 illo
461 1762 495 1816 et
524 1748 589 1816 hoc
620 1750 801 1843 posteriore
830 1750 950 1817 iterum
981 1752 1154 1820 occasione

86 1854 202 1923 similis
230 1854 372 1948 prodigii
401 1852 465 1920 alio
496 1851 570 1922 loco
597 1852 676 1922 facti
704 1869 874 1923 memoret.
906 1854 1069 1948 Exemplo
1097 1859 1155 1945 sit,

87 1961 177 2055 quod
202 1985 274 2056 cap.
304 1957 382 2054 96,
410 1963 566 2029 Priverni
590 1975 682 2027 terra
708 1976 837 2055 septem
852 1960 1014 2054 jugerum
1040 1968 1155 2057 spatt'o

86 2072 122 2135 in
147 2091 328 2136 cavernam
348 2064 536 2151 desedisse,
564 2064 693 2134 dicitur.
722 2066 823 2153 Quod
848 2090 951 2160 quum
978 2067 1096 2136 deinde
1121 2071 1155 2138 in

87 2175 231 2242 Lucanis
253 2197 384 2266 quoque
406 2160 618 2265 contigisset,
639 2196 658 2238 a
677 2169 843 2240 nonnullis
866 2173 965 2239 etiam
986 2175 1155 2263 Priverni,

19 2366 24 2377 ,
88 2304 146 2349 seu
178 2281 214 2348 in
245 2278 435 2347 suburbano
467 2278 537 2371 ejus
570 2302 651 2372 agro
684 2291 764 2346 tunc
797 2276 931 2345 demum
961 2283 1157 2375 contigisse,

87 2386 221 2454 videtur
246 2383 424 2478 proditum.
456 2386 555 2453 Certe
584 2384 797 2476 Obsequens,
821 2385 876 2477 qui
901 2385 1050 2454 Priverni
1076 2386 1157 2457 illud

84 2491 154 2585 jam
174 2490 331 2560 accidisse
349 2488 524 2575 retulerat,
545 2489 689 2558 secundo
712 2490 819 2583 capite
841 2504 916 2584 post
937 2490 1050 2560 itidem
1077 2497 1156 2562 Ter-

88 2622 165 2667 ram
190 2603 226 2666 in
250 2601 400 2666 Danau
419 2612 463 2664 ‘et
485 2600 680 2665 Privernati
703 2598 774 2664 late
799 2596 915 2664 biasse
938 2598 1061 2666 scribit.
1089 2601 1156 2668 Ubi

88 2705 281 2798 neutiquam
299 2728 360 2797 ego
376 2703 447 2771 fero
462 2702 670 2771 Schefferum
687 2701 934 2787 emendantem,
949 2706 1153 2774 Privernati·

89 2809 170 2896 bus,
194 2811 272 2904 quia
294 2808 373 2877 urbs
394 2811 465 2903 ipsa
482 2806 612 2877 dicatur
632 2813 848 2893 Priuernum,
872 2810 965 2902 quasi
983 2813 1156 2905 quisquam

90 2917 150 3003 sit,
163 2915 219 3010 qui
228 2917 264 2983 τὸ
276 2919 471 2986 Privernati
482 2939 543 3008 pro
559 2939 639 2983 vero
651 2915 751 3009 ipsius
765 2914 856 2983 urbis
869 2915 1004 2983 nomine
1017 2917 1156 3006 habeat,

88 3047 152 3091 nec
169 3021 279 3090 videat
299 3021 340 3090 ab
362 3046 490 3090 ecesse
510 3021 708 3107 formatum,
731 3035 765 3088 et
784 3017 923 3114 intelligi
944 3044 1051 3114 agro:
1072 3049 1155 3118 prae·

90 3127 203 3197 sertim
225 3154 328 3222 quum
354 3129 475 3221 passim
505 3128 551 3194 ita
576 3125 731 3221 loquatur
753 3125 958 3220 Obsequeus.
989 3129 1071 3222 Cap.
1096 3155 1153 3225 71.

88 3239 135 3303 In
148 3237 362 3303 Praenestino
376 3238 508 3302 cruenti
519 3233 713 3302 ceciderunt
723 3231 854 3301 imbres.
869 3233 907 3302 V
902 3237 1007 3302 eienn
1013 3236 1098 3303 lana
1109 3260 1156 3305 ea

88 3339 270 3409 arboribus
288 3355 385 3408 nata.
407 3341 489 3434 Cap.
511 3362 571 3433 9⁰·
596 3341 680 3409 Oleo
693 3354 729 3407 et
742 3341 834 3408 lacte
848 3344 884 3408 in
900 3344 1042 3409 Veiente
1051 3341 1153 3435 plut.

90 3447 194 3535 Quod
206 3448 240 3514 in
251 3447 301 3515 his
312 3445 515 3540 intelligitur,
525 3446 721 3539 exprimitur
732 3443 926 3539 cap.86,In
937 3471 1024 3540 agro
1034 3449 1156 3516 Feren·
1207 3440 1208 3445 ἵ

86 3557 162 3622 'tino
180 3552 403 3648 androgynus
430 3567 556 3637 natus;
571 3575 644 3644 cap.
673 3555 827 3639 101,In
850 3576 936 3646 agro
964 3552 1155 3623 Trebulano

89 3660 211 3727 nrulier
227 3659 379 3749 fulmine
403 3664 483 3726 icta.
510 3657 640 3726 Deinde
668 3683 735 3725 non
766 3681 858 3750 aeque
887 3660 1062 3728 commode
1091 3659 1157 3731 dici

89 3762 202 3858 potest
217 3770 253 3833 in
268 3764 538 3849 Privernatibus,
559 3777 658 3857 atque
676 3769 711 3832 in
726 3767 877 3833 Lucanis
882 3817 893 3850 ,
911 3790 1014 3859 quum
1029 3768 1157 3837 Lucani

90 3871 157 3939 sint
185 3869 301 3965 populi
319 3868 372 3938 vel
399 3871 513 3939 civitas
537 3868 719 3938 multorum
748 3869 947 3964 oppidorum
975 3897 1155 3966 pagorum·

90 3976 174 4070 que,
197 3991 232 4045 at
253 3978 459 4046 Privernates
482 3977 580 4047 unius
601 3976 717 4072 oppidi
739 3975 891 4071 populus.
