2684 4830
423 362 856 444 ,LYCOSTHENIs
1006 308 1011 319 =
1158 388 1198 432 ιι

131 501 345 587 niciosiores,
362 495 591 566 horribiliores
608 498 793 582 caecitates,
809 493 1088 589 blasphemiaeque
1104 496 1205 565 obsti·

132 608 280 676 uatiores
296 595 417 674 futurae
433 605 516 687 sint,
537 616 637 696 atque
651 602 752 671 hodie
770 601 844 670 orbi
858 602 1031 669 imminere
1044 600 1203 671 videmus.

132 715 278 784 Necesse
289 726 342 780 est
354 712 470 805 igitur,
486 709 632 778 divinam
648 707 809 777 ultionem
823 709 858 775 in
871 731 955 801 opus
969 732 1204 803 prorumpere,

136 817 249 889 seculo
267 832 336 886 tarn
353 817 429 886 diro
448 818 482 883 in
498 815 589 902 dies,
609 840 676 909 quo
694 840 766 882 non
781 828 912 883 tanturn
927 815 1089 883 intestinis
1105 814 1208 901 odiis,

135 925 329 1021 perniciosis
347 921 667 1017 conspirationibus,
687 920 904 989 seditionibus
923 921 1087 1008 cruentis,
1108 936 1208 1014 atque

136 1029 230 1100 bellis
251 1029 425 1124 plusquam
445 1027 596 1097 civilibus
618 1021 672 1117 (in
692 1027 928 1122 quibusetiam
948 1027 1156 1096 Christianus
1173 1029 1208 1096 in

138 1138 389 1219 Christianum,
407 1148 502 1230 pater
520 1139 553 1202 in
570 1133 694 1222 filium,
713 1133 801 1203 filius
819 1135 852 1202 in
868 1147 1018 1228 patrem,
1037 1148 1070 1202 et
1088 1135 1123 1201 in
1142 1133 1208 1202 fra·

103 1239 106 1247 ’
137 1259 224 1313 trem
244 1243 348 1312 frater
367 1239 509 1311 crudelis
528 1265 625 1309 suum
645 1241 789 1336 gladium
806 1231 928 1327 vibrat)
946 1239 1134 1323 obruimur3
1151 1240 1209 1309 sed

138 1351 240 1418 variis
263 1352 363 1417 ctiam
386 1362 485 1441 atque
511 1347 667 1416 inauditis
689 1347 834 1432 morbis,
854 1370 988 1414 omnem
1010 1346 1210 1415 medicinam

140 1455 389 1550 respuentibus,
404 1454 590 1522 inficimur:
606 1453 725 1546 quibus
738 1453 866 1522 aceedit
878 1477 992 1522 earum
1011 1477 1122 1521 rerum
1137 1478 1211 1547 quae

140 1563 183 1631 ad
208 1563 335 1630 victum
362 1561 505 1629 hominis
533 1554 724 1628 necessariae
748 1575 842 1645 sunt,
870 1561 905 1626 in
931 1573 1024 1627 tanta
1046 1583 1210 1628 annorum

139 1669 294 1737 ubertate
315 1681 384 1735 tarn
405 1667 478 1735 dira
499 1680 646 1760 egestas,
676 1680 713 1734 ut
735 1689 835 1759 quam
858 1665 991 1759 plurimi
1014 1667 1049 1732 in
1071 1665 1209 1734 diversis

140 1775 224 1845 locis
244 1772 314 1843 sola
331 1774 445 1842 victus·
460 1775 598 1867 penuria
620 1773 804 1840 moriantur
822 1773 949 1840 misere.
968 1771 1086 1841 Ubivis
1108 1786 1212 1840 terra·

141 1906 219 1950 rum
236 1904 324 1949 verae
342 1877 511 1973 religioni,
530 1880 640 1973 regnis
656 1893 755 1972 atque
773 1879 920 1973 imperiis
937 1880 1129 1972 gravissima
1146 1878 1212 1945 im-
1277 1898 1281 1902 ·

141 1989 271 2056 minent
306 1983 474 2080 pericula,
510 2009 627 2054 omnes
657 1984 851 2079 respublicae
884 1987 1053 2053 minantur
1082 1986 1213 2053 ruinam

141 2107 244 2189 atque
265 2093 435 2160 interitum
457 2116 465 2158 ε
493 2090 641 2184 adeoque
665 2089 756 2159 nulla
780 2090 862 2160 fides
883 2093 1053 2185 pietasque
1074 2116 1213 2185 usquam

141 2214 217 2287 est,
241 2212 282 2267 ut
300 2198 453 2267 homines
474 2199 567 2291 quasi
588 2198 680 2266 rabie
699 2197 843 2291 quadam
864 2200 970 2292 capti,
992 2200 1026 2264 in
1046 2198 1215 2292 propriam

142 2307 328 2401 perniciem
346 2304 536 2396 conjurasse
549 2303 733 2372 videantur.
749 2303 814 2373 Sed
829 2305 1013 2399 promeruit
1025 2305 1086 2372 has
1101 2329 1216 2400 poenas

139 2411 340 2507 jamdudum
368 2411 607 2504 impoenitentia
631 2425 764 2509 nostra,
790 2411 847 2504 qui
871 2411 932 2479 sub
957 2412 1101 2478 nominis
1124 2412 1216 2479 chri-

144 2519 245 2587 stiani
269 2530 451 2612 praetextu,
477 2519 644 2610 aspernati
670 2541 785 2585 omnes
810 2516 936 2585 divinas
956 2516 1217 2604 admonitiones,

142 2648 215 2692 non
228 2627 319 2710 Deo,
337 2622 396 2691 sed
409 2622 553 2710 mundo,
572 2632 605 2691 et
619 2625 760 2719 propriis
774 2622 1000 2718 voluptatibus
1016 2625 1213 2693 servivimus

143 2731 308 2799 hactenus
328 2754 335 2797 :
358 2753 420 2798 nec
443 2729 580 2797 dubium
602 2744 671 2816 est,
693 2731 771 2823 quin
795 2732 945 2824 graviora
969 2730 1072 2799 multa
1095 2733 1129 2798 in
1151 2730 1215 2798 hac

145 2836 265 2905 mundi
291 2836 503 2931 catastrophe
529 2850 709 2930 sequutura
736 2837 800 2905 sint
827 2829 884 2926 (ut
911 2834 993 2903 nihil
1018 2836 1060 2905 de
1087 2852 1218 2905 aeternae

146 2941 370 3011 damnationis
387 2941 534 3011 vindicta
555 2934 691 3029 dicam),
711 2944 774 3011 nisi
794 2944 827 3008 in
844 2956 994 3036 tempore
1010 2943 1072 3010 sub
1090 2944 1218 3037 potenti

145 3070 253 3124 manu
272 3049 356 3135 Dei,
378 3047 602 3143 benignissimi
624 3051 754 3143 patris,
769 3073 830 3116 nos
850 3048 1061 3117 humiliantes
1085 3050 1217 3118 confes-

148 3157 243 3224 sione
262 3153 479 3241 delictorum,
495 3179 574 3223 vera
595 3157 807 3250 poenitentia,
828 3157 1028 3225 contritione
1046 3170 1144 3248 atque
1163 3157 1217 3222 in-

149 3261 329 3330 novatione
343 3263 420 3330 vitae
435 3276 572 3349 sanctae,
588 3287 712 3330 numen
724 3261 819 3331 nobis
832 3263 951 3332 iratum
967 3261 1216 3358 placaverimus.

203 3370 298 3436 Junu
318 3382 429 3437 autem
449 3369 698 3449 Oasaouauris
716 3368 944 3463 prodigiorum
964 3369 1103 3456 librum,
1125 3369 1219 3461 cujus

148 3470 373 3568 fragmentum
399 3488 529 3544 tantum
553 3475 721 3560 exstabat,
742 3499 782 3544 eo
804 3474 959 3544 libentius
981 3477 1047 3544 hoc
1068 3490 1217 3569 ternpore

150 3579 250 3648 edere
267 3579 376 3668 volui,
402 3594 440 3648 ut
464 3579 635 3674 gentilium
653 3581 803 3676 prodigia
821 3606 897 3649 cum
918 3583 989 3668 his,
1015 3608 1087 3676 quae
1105 3596 1220 3650 nostro

151 3703 306 3780 tempore
318 3686 475 3755 divinitus
490 3686 650 3771 eduntur,
665 3688 913 3774 conferrentur,
929 3704 962 3756 et
980 3689 1221 3783 expenderetur

149 3791 272 3861 deinde
290 3817 331 3861 ex
349 3817 460 3860 rerum
477 3806 619 3878 eventu,
640 3793 808 3863 horrenda
825 3792 881 3863 illa
899 3796 992 3890 signa
1010 3821 1140 3891 semper
1159 3795 1219 3894 ali-

149 3897 232 3992 quid
254 3900 494 3967 imminentium
518 3898 681 3968 malorum
699 3900 889 3969 hominibus
907 3901 1131 3995 portendisse,
1155 3929 1221 3996 quo

149 4003 293 4073 'aliorum
317 4004 450 4074 tandem
476 4005 628 4100 exemplo
647 4009 785 4093 moniti,
807 4007 1034 4077 evitandorum
1059 4008 1222 4103 periculo·
