2684 4830
106 395 130 438 x
359 369 633 438 PRAEFATIO
662 371 929 443 EDITORIS.

107 517 249 585 habeam
279 516 370 611 quod
399 540 567 611 apponam
601 517 641 584 de
668 542 763 603 meo,
790 519 832 586 ad
859 517 948 587 illam
979 539 1185 592 commenta·

108 639 232 707 tionem
252 634 412 706 lectorem
436 637 560 728 rejicio.

159 757 397 827 Additamento
412 754 454 823 ad
469 753 644 824 Valerium
663 757 849 826 Maximum
866 773 945 826 sunt
959 784 1034 854 pag.
1055 760 1187 851 257-

108 876 185 963 304
208 877 376 946 editorum
398 877 608 969 superiorum
629 876 862 969 praefationes,
892 881 1105 967 testimonia,
1125 882 1185 974 ju-

106 997 212 1084 dicia,
233 997 374 1091 Kappii,
397 995 567 1082 Torrenii,
586 996 671 1063 Justi
688 997 814 1090 Lipsii,
834 995 986 1067 aliorum.
1009 1001 1184 1069 Exercita-

105 1120 231 1186 tionem
252 1113 451 1208 Schultingii
474 1117 527 1184 De
551 1117 756 1184 testamentis
777 1118 939 1202 rescissis,
959 1134 996 1187 ut
1013 1121 1082 1212 jam
1100 1124 1184 1189 Tor-

106 1237 250 1305 renianac
276 1233 429 1303 editionis
461 1248 654 1328 pergratum
685 1235 793 1304 fuerat
819 1252 1075 1326 ornamentum,
1104 1240 1184 1308 item

105 1359 140 1426 in
153 1357 218 1426 hac
230 1370 346 1423 nostra
363 1355 580 1448 repetivimus
595 1378 670 1448 pag.
690 1351 899 1440 305-334
914 1383 920 1423 :
937 1358 1183 1451 subjunximus-

104 1501 169 1571 que
192 1477 303 1570 pagin.
332 1471 472 1544 335-
486 1471 580 1567 394,
604 1475 658 1540 De
688 1472 767 1541 luxu
788 1476 1021 1545 Romanorum
1045 1481 1184 1547 loannis

105 1597 245 1666 Mcursii
270 1593 438 1679 libellum,
452 1592 624 1662 Valerium
647 1594 833 1661 Maximum
856 1619 974 1688 resque
994 1596 1036 1663 ab
1054 1623 1095 1665 eo
1115 1612 1184 1665 tra·

106 1732 211 1787 ctatas
230 1717 363 1808 copiose
382 1711 613 1781 illustrantem.
631 1714 684 1780 De
701 1711 816 1781 Indice
835 1712 1020 1782 editionum
1041 1715 1183 1804 Valerii,

103 1861 179 1933 pag.
203 1832 440 1922 dal—452,
456 1857 561 1925 quum
579 1833 607 1899 is
631 1856 698 1898 non
717 1833 826 1900 minus
848 1858 948 1925 quam
968 1832 1093 1927 reliqua
1115 1835 1181 1904 cla-

104 1958 224 2026 rissimi
256 1953 403 2022 auctoris
436 1952 558 2044 scripta
590 1949 749 2044 singulari
776 1954 1002 2047 exquisitaque
1027 1955 1182 2024 doctrina

104 2073 382 2159 commendetur,
415 2095 483 2138 non
509 2093 643 2137 necesse
668 2068 776 2138 habco
802 2096 1088 2161 commemorare,
1117 2100 1181 2143 nec

64 2192 69 2211 '
106 2197 211 2290 magis
233 2191 393 2286 estquod
414 2188 504 2285 apud
528 2187 657 2256 literato
676 2190 802 2283 peritos
819 2189 928 2260 dicam
948 2190 989 2260 de
1007 2192 1180 2262 Indicibns

103 2314 249 2409 quinque
276 2312 432 2404 deinceps
460 2307 696 2402 sequentibus,
720 2333 820 2403 quern
848 2336 888 2379 ex
915 2337 1048 2405 quoque
1080 2339 1179 2383 usum

103 2435 227 2504 habere
245 2435 361 2528 possis.

156 2556 242 2643 Quae
266 2554 310 2622 ad
330 2550 563 2621 illustrandum
586 2550 758 2621 Valerium
778 2554 964 2622 Maximum
987 2553 1179 2649 Juliumque

103 2676 354 2770 Obsequentem
376 2671 598 2766 collegimus,
623 2671 714 2740 hunc
739 2671 865 2739 habent
883 2676 1073 2741 terminum.
1100 2678 1176 2769 Op—

103 2811 212 2866 tamus
234 2810 346 2863 autem
365 2792 599 2878 vehementer,
622 2805 656 2857 et
674 2792 858 2878 exanimo,
881 2792 945 2860 isto
961 2808 1084 2862 conatu
1099 2797 1178 2863 satis

102 2942 173 2986 csse
200 2917 326 2984 factum
346 2913 511 3006 promisso
532 2925 648 2980 nostro
669 2934 708 2979 ac
728 2925 884 3005 recepto,
906 2915 982 2980 satis
1003 2911 1116 2982 officio
1137 2938 1177 2983 ac

102 3034 336 3106 necessitudini
353 3033 540 3102 constituta
558 3029 641 3098 mihi
658 3055 734 3098 curn
749 3032 833 3099 Viro
848 3029 1058 3120 Clarissimo,
1074 3035 1178 3101 totius

102 3157 203 3250 hujus
229 3152 358 3223 consilii
385 3152 426 3220 de
446 3149 621 3244 vulgandis
647 3149 789 3219 classicis
813 3151 1036 3220 moderatore.
1065 3154 1177 3241 Quem

101 3277 181 3372 quid
204 3300 288 3371 opus
311 3288 362 3341 est
379 3273 549 3341 nominem
571 3270 629 3337 ubi
654 3268 790 3357 dixero,
813 3294 890 3338 eum
914 3270 1076 3364 politioris
1103 3270 1175 3339 litc-

103 3411 223 3467 raturae
247 3409 280 3463 et
304 3391 507 3486 antiquitatis
530 3414 607 3458 rara
629 3391 838 3483 cognitione,
859 3393 1012 3460 acumine
1030 3392 1177 3485 ingenii,

103 3515 267 3613 elegantia
287 3527 320 3581 et
341 3513 504 3606 gravitate
522 3511 672 3577 omnium
691 3509 878 3578 studiorum
892 3511 962 3598 ,'ad
979 3512 1050 3579 haec
1065 3509 1176 3579 latinae

102 3636 222 3731 linguae
245 3632 362 3727 peritia
391 3645 424 3698 et
448 3655 606 3698 versuum
630 3628 745 3697 eadem
775 3627 889 3723 lingua
919 3629 1175 3725 pangendorum

102 3753 217 3836 laude,
233 3776 310 3820 cum
331 3750 447 3844 paucis
464 3773 535 3818 esse
554 3747 828 3843 comparandum

157 3874 280 3968 Scripsi
293 3871 441 3957 Pansns
456 3895 484 3939 a
499 3869 530 3938 d
546 3872 632 3939 VIII
647 3867 717 3940 Cal
734 3870 857 3939 lunias
873 3893 903 3937 a
918 3872 958 3938 C
973 3872 1043 3937 cl'o.
1061 3871 1173 3939 loces.

97 4020 196 4067 xxm.

785 4100 823 4166 C.
853 4101 888 4165 Β.
917 4099 1037 4167 ΗΛεΕ.
