2684 4830
238 342 444 413 JUDICIA
471 344 538 413 DE
563 346 592 410 J.
621 345 966 434 OBsEQUENTu
1087 351 1135 422 33

76 473 172 568 gravi
188 497 301 542 errore
315 475 538 568 Lycosthenes
553 476 672 570 passim
689 501 751 570 pro
764 477 975 571 Obsequente
992 478 1139 575 legatum
1216 468 1225 489 ⁸

74 593 176 673 atque
193 581 293 649 etiam
311 605 374 674 pro
392 604 431 648 eo
448 580 490 647 ab
508 580 644 649 eruditis
661 582 740 649 viris
759 582 800 650 ad
820 598 930 678 partes
946 585 1137 656 advocetur.

129 713 229 782 Nota
248 711 354 779 videri
369 713 525 780 Vossium
548 710 645 779 aliam
670 712 823 781 habuisse
841 716 998 785 Tornaesii
1024 718 1139 787 editio·

75 841 173 904 nem,
195 841 295 910 quam
317 842 390 910 quae
417 841 468 884 an.
492 841 611 886 mount
638 831 688 887 est
712 817 898 912 publicata,
922 835 1020 914 atque
1044 848 1139 892 usur-

74 936 153 1015 pata
177 922 281 991 nobis.
304 925 391 993 Nam
416 925 451 989 in
472 922 537 990 hac
557 936 670 990 nostra
691 922 823 1016 quidem
848 928 993 994 asterisci
1025 953 1139 997 omnes

40 1061 42 1065 ·
74 1026 193 1097 debitis
210 1026 291 1097 loeis
310 1042 388 1096 sunt
405 1028 556 1122 appositi.
577 1028 712 1120 Scheff.

174 1260 178 1267 ,
243 1188 321 1255 Car.
340 1188 501 1277 Sigonius
517 1182 570 1252 ad
582 1186 669 1252 Liuii
686 1183 740 1252 lib.
756 1209 819 1270 xa,
836 1209 912 1280 cap.
931 1213 962 1255 α.

127 1341 323 1435 Obsequens
343 1341 384 1409 de
402 1339 562 1436 Prodigiis
586 1338 707 1409 librum
730 1366 770 1408 ex
794 1344 896 1436 ipsius
921 1346 1008 1413 Livii
1030 1347 1138 1416 verbis

72 1461 252 1516 contexun.
941 1484 946 1492 ·

156 1603 416 1674 alimentaria
430 1608 520 1670 notu
535 1601 587 1670 ad
600 1605 707 1671 Statu
719 1602 775 1671 lib.
792 1626 816 1670 v
835 1604 934 1672 Tteb.
950 1629 983 1674 o.
1004 1606 1063 1676 86.

126 1758 271 1829 Consule
292 1774 327 1828 et
347 1758 470 1827 Julium
489 1758 755 1851 Obsequentem,
782 1763 910 1829 romani
937 1764 1003 1832 oris
1028 1752 1138 1833 homi-

71 1891 169 1954 nem,
189 1881 228 1934 ut
246 1864 379 1959 quidem
401 1865 428 1932 is
448 1865 564 1958 primis
587 1862 784 1932 editionibus
803 1865 950 1935 debetur.

150 2025 185 2093 C.
199 2022 361 2090 Barium
375 2025 411 2088 in
424 2024 515 2087 notis
529 2018 581 2087 ad
592 2021 700 2088 Statu·
711 2020 766 2088 lib.
777 2044 814 2088 vr
834 2022 932 2090 Theb.
946 2047 979 2092 o.
999 2025 1057 2119 87.

124 2176 268 2271 Elegans
289 2190 339 2245 est
360 2173 443 2242 liber
461 2173 539 2242 Julii
562 2173 794 2266 Obsequentis.

69 2336 269 2413 Demsterus
284 2341 320 2402 in
333 2332 452 2401 Indice
468 2336 687 2425 serpiterum,
707 2334 956 2403 Commentario
972 2339 1024 2405 ud
1036 2344 1131 2409 Rosi-

474 2459 554 2503 num
567 2436 731 2530 praedare.

125 2594 320 2685 Obsequens
339 2590 539 2659 necessarius
560 2601 594 2655 et
613 2586 751 2680 diligens
771 2590 922 2681 scriptor.

70 2752 264 2821 Baithasar
292 2752 384 2817 Boni
399 2750 495 2815 acius
526 2749 561 2812 in
586 2743 957 2839 transcriptorum
981 2752 1133 2824 hisijae

306 2875 478 2937 romanoe,
499 2851 557 2918 ubi
572 2849 615 2918 de
630 2853 797 2918 Frontino
812 2857 896 2944 agit

123 3006 248 3079 Julium
265 3031 396 3100 quoque
409 3005 657 3096 Obsequentem
672 3017 827 3094 putamus
846 3029 885 3070 ex
900 3008 1049 3087 Frontini
1064 3015 1132 3083 imi-

70 3117 196 3184 tatione
207 3113 374 3207 prodigia,
384 3132 588 3204 quaeeunque
603 3109 739 3199 sparsim
753 3108 969 3198 habebantur,
982 3117 1016 3180 in
1026 3136 1129 3188 unum

70 3220 258 3314 collegisse,
274 3217 458 3286 elocutione
476 3238 553 3282 vere
571 3212 710 3281 eandida
728 3227 761 3280 et
780 3213 952 3305 defaecata,
973 3234 1006 3287 et
1024 3225 1129 3294 cuivis

70 3327 284 3419 antiquorum
304 3319 513 3414 exaequanda.
536 3319 675 3386 Librum
696 3317 764 3409 ejus
783 3320 943 3391 habemus
960 3327 1131 3416 mutilum;

71 3433 189 3524 incipit
203 3431 290 3498 enim
304 3453 391 3496 anno
407 3428 449 3494 ab
463 3425 557 3493 Urbe
572 3423 705 3492 condita
721 3426 980 3518 quingentesimo
999 3435 1130 3525 quinto,

70 3536 192 3604 desinit
216 3538 251 3602 P.
279 3534 398 3616 Fabio,
421 3532 463 3619 Q'.
487 3529 572 3598 AElio
600 3528 797 3597 consulibus.
829 3533 998 3627 Quidquid
1021 3553 1132 3609 tamen

70 3640 286 3733 reliquiarum
304 3665 344 3707 ex
360 3638 425 3706 hoc
443 3650 577 3704 auctore
595 3636 752 3727 temporis
771 3636 889 3728 injuria
908 3664 976 3707 non
994 3643 1133 3733 delevit,

71 3771 187 3816 carum
204 3745 311 3813 doctis
334 3769 404 3811 esse
425 3755 576 3835 oportet;
597 3743 775 3834 prasertim
797 3743 823 3807 si
844 3742 938 3811 nobis
958 3734 1133 3840 aliqubndo

71 3851 251 3944 praebuerit
268 3849 441 3942 legendas,
463 3871 546 3939 quas
563 3845 640 3914 fecit
662 3848 696 3912 in
718 3846 807 3913 hunc
830 3863 998 3918 auctorem
1018 3855 1134 3923 obser-

71 3958 239 4043 vationes,
255 3957 306 4022 vir
323 3955 365 4023 de
378 3953 469 4023 omni
484 3953 676 4044 antiquitate
691 3953 814 4044 optime
830 3955 982 4043 meritus,
997 3983 1036 4027 ac
1052 3963 1137 4030 inter

128 4095 197 4161 III.
935 4087 956 4156 3
