2684 4830
143 378 187 423 ια
349 353 617 429 PRAEFATIO
640 355 1000 427 LYCOSTHENIS.

137 511 213 555 rum
228 486 373 555 rationes
390 511 432 554 eo
446 484 658 580 diligentius
648 488 815 556 iniremus.
831 490 973 558 Restitui
986 503 1098 558 autern
1114 489 1213 562 libel·

137 592 207 661 lum
217 607 409 686 ,quantum
430 591 504 660 fieri
525 594 653 687 potuit,
670 594 736 661 Titi
752 595 859 682 Livii,
879 596 1031 688 Dionysii
1050 595 1242 668 Halicar-

137 699 261 785 nassei,
271 699 407 786 Orosii,
425 685 596 792 Eutropii,
614 713 719 792 atque
729 697 870 769 aliorum
886 701 1107 794 quorumdam
1127 729 1209 798 pro·

137 805 383 874 batissimorum
405 819 580 873 auctorum
597 803 739 893 auxilio,
755 807 802 874 ita
820 820 858 874 ut
875 805 957 874 nihil
974 805 1071 902 plane
1090 808 1210 880 deesse
1236 802 1242 813 ’

137 909 308 998 videatur3
329 910 486 1005 adjiciens
515 911 753 1004 quinquaginta
778 911 943 1006 prioribus
967 913 1134 1008 capitibus
1167 941 1210 986 ea

137 1042 227 1110 quae,
243 1017 286 1085 ab
301 1017 396 1085 Urbe
407 1016 542 1086 condita
556 1041 660 1110 usque
675 1016 718 1085 ad
734 1020 773 1086 L.
787 1019 949 1113 Scipionis
964 1043 1041 1087 cum
1050 1021 1089 1089 C.
1100 1020 1209 1092 Laelio

137 1120 363 1208 consulatum,
373 1123 532 1192 hactenus
545 1122 729 1193 desiderata
741 1137 828 1192 sunt.
842 1124 942 1193 Unde
959 1139 994 1193 et
1010 1149 1050 1194 ea
1063 1126 1207 1220 ipsaca-

137 1231 208 1323 pita
220 1220 514 1322 (quemadmodum
529 1230 655 1315 omnia,
668 1254 742 1322 quae
754 1231 789 1298 in
799 1231 1013 1324 sequentibus
1024 1256 1099 1300 mea
1108 1233 1205 1303 indu·
1242 1258 1244 1263 ·

137 1336 218 1403 stria
228 1335 357 1428 adjecta
370 1329 460 1424 sunt)
469 1333 644 1405 asterisco¹
658 1350 775 1404 notare
784 1333 916 1430 placuit
928 1337 1043 1405 Annos
1051 1339 1206 1409 etiamab
1242 1314 1244 1343 Ι

138 1441 232 1509 Urbe
246 1441 382 1511 condita
403 1441 583 1533 majoribus
599 1439 718 1510 literis¹
739 1443 774 1509 in
792 1443 941 1537 margine
956 1457 1073 1512 notare
1091 1443 1204 1534 volui,

137 1562 176 1615 ut
196 1548 231 1615 in
251 1563 410 1643 promptu
424 1563 510 1617 esset
525 1572 592 1641 quo
606 1562 758 1642 tempore
774 1547 927 1641 prodigia
945 1549 1206 1646 uniuscujusque

137 1655 254 1749 capitis
281 1656 350 1724 sive
376 1654 507 1741 audita,
534 1655 602 1722 sive
629 1653 698 1722 visa
725 1668 843 1723 essent.
865 1653 967 1742 Quod
991 1655 1018 1722 si
1043 1669 1205 1750 praeterea
1232 1650 1236 1657 ’

137 1784 241 1830 annos
258 1775 335 1830 ante
357 1761 482 1830 Christi
499 1759 671 1828 salvatoris
688 1759 870 1828 adventum
887 1761 971 1828 scire
988 1758 1153 1849 delectat,
1170 1765 1203 1831 in

135 1866 255 1935 eodem
274 1865 440 1960 margine¹
460 1865 550 1934 cifris
567 1857 624 1952 (ut
638 1857 779 1952 vocant)
800 1866 984 1936 minorihus
995 1891 1015 1934 a
1025 1891 1079 1935 me
1092 1891 1203 1939 anno·

135 1987 223 2042 tatos
249 1971 421 2067 intelliges.
451 1975 525 2041 Hoc
552 1986 664 2041 autem
691 1971 849 2066 quidquid
875 1986 925 2040 est
950 1971 1049 2041 studii
1069 1975 1137 2045 mei
1163 1998 1202 2045 ac
1227 1966 1232 1975 ¹

136 2078 281 2164 laboris,
302 2081 374 2165 vir,
400 2080 522 2173 pietate
546 2076 643 2146 simul
672 2092 771 2172 atque
796 2078 980 2147 eruditione
1002 2076 1228 2168 clarissime,¹''

135 2185 195 2253 tibi
208 2185 319 2253 dicare
335 2184 411 2254 ideo
425 2186 532 2253 visum
549 2199 616 2271 est,
632 2184 722 2278 quod
740 2208 759 2253 a
777 2185 884 2278 prima
900 2184 1039 2253 infantia
1055 2210 1112 2254 me
1126 2185 1201 2257 lito·
1226 2194 1233 2211 “’

133 2316 246 2358 rarum
270 2293 410 2361 tironem
435 2315 565 2385 semper
581 2291 677 2359 unice
695 2293 875 2379 amaveris,
894 2304 993 2384 atque
1008 2289 1116 2360 multa
1134 2292 1201 2363 hu·
1227 2280 1232 2293 ⁸

133 2398 298 2467 maritatis
315 2412 348 2466 et
362 2395 600 2466 benevolentiae
621 2397 733 2466 officia
750 2397 831 2465 mihi
852 2397 1059 2482 exhibueriS,
1078 2399 1201 2492 quibus
1218 2390 1232 2413 ⁹

132 2506 358 2591 nuncetiam,
376 2529 480 2598 quum
497 2504 639 2598 patriam
657 2497 751 2598 (quae
769 2504 834 2572 mei
852 2502 951 2572 studii
969 2527 1008 2572 ac
1024 2501 1224 2599 diligentie·

133 2609 277 2703 aliquam
293 2625 421 2704 partem
438 2609 550 2678 debito
564 2611 639 2704 jure
654 2610 715 2678 sibi
727 2601 893 2696 vindicat)
908 2609 1098 2703 frequento,
1114 2608 1230 2679 mul?

135 2718 176 2785 tis
191 2717 380 2785 nominibus
397 2714 567 2785 cumulare
582 2714 687 2784 soles:
703 2729 741 2784 ut
755 2718 802 2784 sic
816 2739 897 2783 meae
912 2717 1012 2783 etiam
1027 2716 1062 2782 iu
1077 2729 1112 2787 te
1127 2720 1223 2812 gra-⁰

134 2822 299 2910 titudinis,
319 2847 358 2892 ac
376 2823 592 2892 observantiae
611 2824 732 2917 pignus
749 2835 914 2917 perpetuo
925 2835 1082 2918 ¹evastaret.
1095 2822 1163 2892 Cui
1175 2823 1206 2893 si
1224 2810 1230 2821 ¹

134 2953 243 2998 meam
266 2954 421 3024 operam,
446 2954 547 3023 quam
569 2930 604 2996 in
623 2928 851 3010 resarciendo,
877 2942 976 3020 atque
996 2927 1200 2999 restituendo

134 3036 199 3105 hoc
217 3035 328 3105 libello
350 3035 523 3130 impendi,
541 3049 671 3129 gratam
694 3033 792 3103 fuisse
814 3057 1033 3128 perspexero,
1052 3033 1200 3104 animum

133 3142 251 3229 addes,
267 3157 305 3213 ut
319 3141 546 3237 prodigiorum
561 3141 771 3227 Chronicon,
785 3139 875 3234 quod
890 3165 910 3208 a
924 3139 1059 3208 condito
1075 3141 1200 3210 mundo

133 3274 237 3343 usque
255 3249 298 3317 ad
316 3263 430 3318 nostra
448 3261 600 3342 tempora
618 3247 819 3340 conscripsi,
839 3248 1000 3315 maturius
1018 3244 1199 3316 absolvam.
1225 3238 1230 3253 ⁸

131 3355 240 3424 Vale:
268 3360 302 3424 et
323 3380 396 3441 me,
422 3378 521 3448 quem
542 3378 561 3421 a
582 3353 695 3447 primis
717 3351 903 3447 unguiculis
928 3365 1040 3421 sancte
1061 3355 1200 3440 amasti,
1225 3354 1229 3365 '

132 3487 235 3555 porro
244 3461 360 3530 eodem
371 3461 480 3530 studio
489 3458 853 3554 amplecteressasileae,
865 3457 1058 3553 pridieIdus
1067 3459 1197 3531 Martii:

134 3592 242 3656 anno,
257 3592 277 3636 a
293 3568 417 3639 Christi
432 3565 604 3636 salvatoris
621 3567 766 3660 gratioso
780 3566 945 3653 adventu,
962 3588 1082 3634 nunu.
1165 3580 1178 3589 ·“

174 3789 198 3822 r.
219 3769 281 3823 Haec
298 3769 477 3830 servavimus,
492 3780 519 3819 et
535 3778 675 3836 utramque
694 3783 826 3816 annorum
848 3765 943 3819 seriem
958 3764 1031 3818 cifris
1045 3765 1200 3819 minorihus

130 3875 233 3916 tantum
247 3863 449 3929 annotavimus,
463 3873 493 3915 ut
506 3859 576 3913 infra
588 3858 682 3913 videre
695 3871 742 3913 est.
763 3859 814 3912 En.
