2684 4830
390 367 667 437 PRAEFATIO
694 367 967 435 EDITORl'S.
1180 393 1225 439 ne

137 540 214 611 pag.
233 511 453 600 alpe—255.
471 517 569 602 Haec,
588 529 627 582 ut
644 513 732 600 dixi,
749 512 909 606 descripsi
928 536 969 580 ex
989 510 1105 581 codice
1120 514 1217 607 cujus

137 650 172 703 ct
199 636 364 728 scriptura
386 649 458 702 erat
478 631 663 728 subpallida
686 632 882 725 mendisque
903 646 1052 720 scatens,
1074 647 1110 702 et
1128 631 1217 704 lace·

137 780 253 823 rarum
281 755 478 848 paginarum
508 752 697 846 fragmenta
723 752 850 821 cariosa
872 749 1055 819 admodum
1077 776 1085 819 ε
1111 777 1216 846 eaque

137 877 184 944 ita
202 874 285 969 legi,
304 889 341 942 ut
362 876 423 943 sim
446 875 536 943 visus
556 873 640 943 mibi
661 873 774 966 potius
795 871 957 940 divinare.
982 872 1216 967 Quapropter,

136 1019 242 1088 quum
262 995 296 1063 in
311 995 427 1088 primis
444 993 592 1087 quinque
608 992 772 1087 capitibus
788 991 894 1060 multa
909 1007 1126 1061 occurrerent
1142 992 1217 1063 loca

136 1112 318 1206 ejusmodi,
337 1136 411 1206 quae
436 1137 505 1181 non
528 1114 702 1181 satistuto
725 1111 854 1180 restitui
877 1135 976 1205 posse
997 1111 1216 1198 viderentur,

136 1233 446 1302 commodissimum
471 1233 654 1300 existimavi
676 1255 835 1299 versuum
860 1228 1122 1325 lacunarumque
1143 1229 1216 1300 dili·

136 1367 257 1446 genter
271 1376 460 1447 expressam
478 1350 625 1445 effigiem
640 1353 675 1418 in
692 1352 831 1420 summis
849 1349 987 1446 pagellis
1004 1372 1218 1446 proponere,
1253 1371 1256 1375 ’

136 1471 354 1566 subjectoque
383 1486 477 1540 textu
503 1496 638 1565 quoquo
666 1471 768 1539 modo
793 1471 921 1541 refecto
943 1471 1150 1543 doctioribus
1172 1473 1215 1544 de

134 1588 370 1684 probabilitate
385 1590 656 1683 conjecturarum
671 1594 821 1659 mearum
838 1590 1025 1685 relinquere
1035 1593 1211 1685 judicium.

134 1711 222 1778 Eam
245 1707 391 1804 effigiem
413 1709 518 1778 habes
542 1734 603 1778 suo
621 1709 715 1797 loco,
735 1734 809 1805 pag.
838 1734 1045 1807 aro-217
1075 1727 1109 1781 et
1136 1738 1216 1783 sao

133 1827 280 1901 —225.
298 1831 587 1898 Commentarium
606 1830 788 1922 adjungere
809 1856 877 1900 non
901 1847 950 1900 est
968 1834 1094 1917 visum,
1109 1858 1215 1926 quum

135 1950 207 2043 ejus
226 1951 300 2019 vice
320 1952 430 2019 versio
455 1949 557 2018 latina
575 1975 594 2018 a
614 1949 711 2018 nobis
735 1950 865 2043 adjecta
886 1949 980 2045 fungi
1002 1953 1135 2045 possit:
1158 1976 1213 2020 ca·

134 2071 206 2162 pita
225 2071 294 2163 ipsa
313 2094 381 2138 non
400 2067 518 2139 dubito
538 2068 610 2138 fore
627 2084 765 2162 accepta
783 2068 983 2158 lectoribus,
1001 2073 1134 2141 tametsi
1148 2073 1215 2140 sint

134 2214 155 2257 a
188 2189 282 2283 Lydo
314 2189 451 2258 fortuita
479 2205 616 2258 sancet
643 2191 836 2284 promiscua
860 2192 989 2258 ratione
1014 2183 1078 2277 (ut
1102 2192 1215 2259 omnia

134 2301 229 2401 ejus)
251 2309 397 2403 scripta:
414 2308 471 2378 sed
490 2311 524 2376 in
543 2309 663 2403 quibus
684 2323 797 2378 tamen
818 2324 852 2377 et
870 2310 1090 2379 eruditionem
1110 2335 1214 2406 agno-

135 2453 210 2499 scas
231 2454 299 2496 non
319 2426 518 2523 vulgarem,
542 2443 574 2496 et
593 2427 754 2498 librorum
774 2429 987 2524 fulguralium
1006 2429 1216 2525 aliorumque

133 2547 237 2617 hodie
250 2547 500 2641 deperditarum
519 2545 689 2617 luculenta
705 2551 850 2644 reperias
874 2550 1070 2645 fragmenta.

190 2667 254 2737 Sed
276 2668 348 2736 haec
371 2669 467 2736 nimis
486 2668 627 2738 fortasse
651 2668 756 2738 multa
777 2669 819 2738 de
841 2671 947 2764 Lydo.
973 2674 1027 2742 De
1047 2672 1212 2742 Asanam-

133 2810 273 2859 rsrcno
299 2787 449 2856 dicemus
484 2812 543 2856 suo
560 2787 671 2874 loco,
698 2814 773 2884 pag.
806 2788 891 2884 395.
919 2793 1212 2886 Interpretationis

133 2909 342 2978 somniorum
369 2933 442 3000 quae
470 2909 643 3000 sequitur,
668 2933 743 3003 pag.
772 2909 1012 2997 bod-413,
1039 2926 1211 2984 auctorem

129 3018 230 3099 'aiunt
252 3021 371 3123 (quod
392 3028 484 3098 haud
508 3030 576 3097 scio
600 3051 642 3096 an
662 3031 707 3098 ita
729 3024 795 3119 sit)
813 3033 1060 3102 Nmresronum
1078 3035 1132 3120 ΙΙ,
1153 3061 1212 3130 pa·

133 3146 317 3216 triarcham
352 3146 786 3242 Constantinopolitauum,
815 3152 946 3219 Arsenii
976 3154 993 3219 I
1026 3154 1212 3248 imperante

133 3266 302 3336 Michaele
318 3266 505 3362 Palaeologo
528 3294 752 3340 successorem
768 3295 775 3335 :
791 3271 817 3338 is
835 3272 1065 3365 Nicephorus,
1079 3274 1137 3343 ubi
1155 3279 1211 3369 rix

134 3411 266 3457 menses
280 3387 436 3457 undecim
451 3390 486 3456 in
499 3389 727 3481 patriarchatu
743 3404 876 3482 egerat,
892 3416 910 3458 e
927 3392 997 3471 vita
1011 3392 1211 3488 demigravit

134 3521 296 3601 vergente
320 3507 362 3575 ad
380 3507 482 3576 finem
505 3532 594 3576 anno
619 3507 715 3580 1262
735 3535 742 3575 :
764 3509 841 3578 vide
865 3514 914 3579 Le
941 3515 1053 3603 Quian
1079 3516 1207 3586 Orient.

134 3625 316 3695 Christian.
352 3629 378 3694 I.
415 3627 500 3696 281.
524 3630 559 3695 Β.
591 3628 798 3716 Auctorum,
826 3632 882 3723 qui
910 3631 953 3699 de
984 3638 1208 3726 praesensione

132 3769 246 3813 rerum
267 3745 455 3814 futurarum
475 3748 695 3840 scripserunt,
719 3747 808 3843 cogit
828 3774 948 3844 agmen
967 3754 1209 3846 Zoroasrnus,

131 3887 208 3957 pag.
241 3867 471 3960 qrb—419,
496 3869 565 3936 sive
592 3870 702 3962 potius
727 3868 879 3940 collectio
903 3872 1117 3943 oraculorum
1144 3880 1207 3946 Zou

131 3985 253 4052 roastri
270 3984 474 4054 tributorum
490 4012 662 4082 graeccque
682 3989 949 4084 conscriptorum
972 3993 1129 4062 versibus.
1154 3999 1209 4064 Dc

131 4102 252 4197 quibus
268 4098 372 4197 quum
385 4106 477 4174 varia
492 4121 597 4176 exstet
612 4123 645 4175 et
660 4111 795 4204 copiosa
802 4111 943 4179 Fabricii
957 4116 1207 4203 commentatio,

134 4222 264 4292 Harles.
294 4225 376 4295 Bibl.
403 4253 451 4320 gr.
477 4231 511 4315 l,
536 4254 609 4323 pag.
637 4227 711 4300 310
736 4256 805 4326 sqq.
833 4257 894 4302 nec
934 4234 1113 4327 quicquam
1140 4234 1209 4305 fere
