2684 4830
442 344 470 410 J.
498 341 792 410 PERIZONII.
1103 342 1147 415 31

86 473 252 568 sequentis
271 471 382 560 locus,
407 495 485 541 cum
509 473 630 559 hoece,
652 486 691 540 ut
709 472 792 558 dixi,
814 469 954 540 collatus
974 473 1153 544 vehemen-

85 595 137 649 ter
155 593 303 648 nostram
322 578 496 649 confirmat
516 578 796 666 emendationem,
816 593 850 648 et
867 580 937 673 ipse
950 580 1094 648 vicissim
1113 606 1155 650 ex

84 678 388 773 hoc⁴emendatur,
407 687 441 752 in
464 710 549 780 quo,
570 686 649 779 quia
666 684 755 754 idem
778 683 967 779 prodigium
988 688 1153 756 Praeneste

84 806 167 860 tunc
185 792 333 859 evenisse
351 790 503 880 traditur,
518 789 729 885 Cephaleniae
747 790 826 859 item
848 789 887 859 fit
904 792 1048 877 mentio,
1065 811 1153 859 tam-

85 921 186 992 quam
203 898 229 965 si
244 912 324 966 tunc
340 896 492 983 demum,
510 897 563 965 vel
584 911 664 965 tunc
684 898 804 965 iterum
824 921 863 965 ea
878 898 912 965 in
929 896 1012 964 urbe
1030 897 1063 965 id
1077 923 1152 966 eve·

85 1004 196 1072 nisset.
212 1005 356 1098 Nempe,
372 1027 444 1097 cap.
462 1002 528 1073 82:
543 1008 720 1072 Praeneste
732 1018 768 1070 et
780 1008 816 1072 in
830 1003 1039 1098 Cephallenia
1052 1008 1154 1098 signa

84 1109 129 1177 de
146 1110 233 1179 coelo
252 1114 413 1179 cecinnae
427 1114 514 1178 ol'sa.
537 1110 591 1177 Sic
612 1111 700 1178 euim
722 1107 797 1203 lego
814 1134 855 1178 ex
877 1110 1047 1203 superiore
1062 1107 1152 1198 loco,

83 1234 153 1284 non
173 1215 351 1302 recedisse,
372 1215 462 1308 quod
478 1214 620 1284 alienum
636 1230 695 1285 est.
712 1218 800 1285 Nam
815 1240 887 1309 quae
907 1217 999 1309 signa
1016 1215 1057 1284 de
1073 1216 1153 1286 caelo

85 1322 120 1389 in
140 1336 263 1390 terram
286 1321 482 1408 ceciderint3
505 1337 563 1390 aut
588 1324 660 1416 quis
687 1345 834 1416 unquam
859 1319 924 1389 tale
951 1321 1030 1415 quid
1052 1322 1152 1416 legit,
1253 1355 1256 1365 ⁴

83 1452 200 1520 quaeve
218 1443 276 1496 aut
293 1426 403 1521 qualia
425 1430 497 1497 istic
517 1431 609 1522 signa
625 1428 859 1522 significaverit
873 1428 1086 1521 Obsequens,
1108 1432 1153 1497 in·

83 1532 231 1628 telligat?
256 1537 301 1602 At
327 1535 353 1614 si
378 1540 538 1603 cecinisse
566 1533 674 1628 legas,
701 1559 800 1602 nemo
828 1558 896 1602 uon
923 1533 1032 1620 videt,
1058 1537 1151 1628 signa

83 1641 180 1708 innui
199 1638 369 1724 militaria,
386 1665 528 1733 quorum
547 1642 750 1735 praecipuum
770 1639 863 1708 tuba.
886 1642 931 1707 Et
949 1641 1012 1725 ita,
1032 1655 1071 1708 ut
1094 1666 1151 1710 sae·
1237 1647 1239 1652 ’

82 1739 281 1839 ρίυεὴὶίαε,
308 1770 413 1813 unum
436 1746 623 1841 prodigium
649 1744 859 1841 Cephaleniae
885 1745 1016 1813 duobus
1036 1749 1152 1832 annis,

82 1866 117 1918 et
140 1852 321 1945 capitibus,
343 1852 401 1921 sed
425 1856 626 1947 posteriore,
647 1867 686 1922 ut
709 1852 861 1947 equidem
886 1875 1049 1946 auguror,
1071 1878 1150 1946 per-

83 1981 198 2050 peram
221 1972 254 2026 et
276 1956 359 2027 falso
378 1958 504 2028 factum
525 1959 686 2048 refertur,
710 1958 763 2028 vel
784 1984 825 2027 ex
845 1983 912 2028 uno
934 1959 1053 2052 prioris
1075 1962 1152 2028 anni

83 2088 236 2149 rumore,
257 2089 315 2136 seu
337 2088 435 2151 vero,
459 2090 517 2134 seu
538 2064 621 2135 falso
645 2079 773 2153 ortum,
800 2068 973 2134 occasione
999 2090 1096 2133 novae
1118 2081 1152 2135 et

83 2168 196 2239 similis
220 2168 340 2241 fabulae
361 2168 493 2240 aliunde
518 2173 698 2258 nuntiatae,
724 2173 758 2240 in
785 2173 1003 2266 posteriorem
1026 2195 1152 2241 annum

82 2298 103 2342 a
123 2275 321 2369 quibusdam
344 2276 560 2364 translatum,
582 2279 624 2346 ab
647 2281 859 2372 Obsequente
882 2294 1025 2372 utroque
1043 2302 1150 2368 anno,

82 2396 253 2476 tamquam
263 2406 342 2452 vere
354 2382 404 2452 bis
418 2385 592 2478 eontigerit
608 2384 726 2453 eodem
741 2386 776 2453 in
793 2383 884 2472 loco,
903 2400 1067 2454 narratur.
1083 2389 1149 2454 Ve-

82 2513 159 2556 rum
177 2488 238 2558 ista
261 2488 394 2583 quidem
416 2491 625 2577 auctoribus,
646 2489 723 2559 licet
746 2492 811 2560 hoe
832 2505 932 2584 pacto
960 2491 1076 2562 eadem
1097 2517 1150 2562 res

82 2594 202 2689 saepius
223 2595 328 2681 forte,
349 2620 449 2689 quam
469 2620 586 2665 revera
607 2596 780 2682 acciderit,
803 2597 960 2666 accidisse
981 2597 1149 2685 tradatur,

82 2701 165 2770 vitio
183 2716 294 2769 tamen
308 2690 397 2770 verti
408 2716 596 2797 nequeunt,
614 2728 718 2797 quum
737 2701 783 2771 iiii
801 2717 893 2773 certo
908 2706 991 2773 scire
1008 2717 1080 2772 'non
1095 2731 1151 2800 po-

82 2807 222 2894 tuerint,
238 2820 352 2876 utrum
371 2832 424 2893 ea,
447 2809 537 2903 quod
559 2833 636 2877 vere
658 2808 781 2903 pluries
801 2810 988 2897 evenerint,
1008 2835 1051 2878 an
1068 2836 1149 2880 vero

81 2927 196 3007 peret
220 2929 357 3008 propter
377 2916 619 2986 inconstantem
644 2913 736 3009 vulgi
761 2940 948 3001 rumorem,
973 2931 1007 2984 et
1029 2942 1068 2986 ex
1091 2942 1150 3005 eo,

80 3020 135 3088 vel
153 3021 251 3088 etiam
274 3020 406 3090 aliunde
424 3037 539 3091 natum
559 3023 744 3116 primorum
768 3023 966 3117 scriptorum
985 3048 1148 3110 errorem,

81 3126 178 3195 toties
201 3129 359 3220 proximis
380 3130 466 3198 inter
489 3155 523 3197 se
545 3130 639 3198 annis
659 3131 776 3198 iterata
797 3130 831 3197 in
854 3131 997 3229 antiquis
1019 3129 1148 3199 annali-

80 3231 143 3301 bus
160 3249 348 3303 occurrant.

310 3483 920 3522 »ψ--ι-ᾱῧωᾱ--υ--η
