2684 4830
205 397 254 468 26
518 342 525 352 -
574 420 576 427 ·
599 396 875 466 PRAEFATIO

201 530 383 602 Burmanni
399 499 573 597 'beneficia
599 554 654 607 me
683 528 920 617 admonerent,
948 545 1006 617 ut,
1034 530 1125 624 quod
1154 530 1272 604 lubens

203 637 307 725 facio,
330 637 456 705 debitas
482 635 544 730 ipsi
569 635 691 728 gratias
716 634 848 729 publice
872 660 979 732 agam.
1005 639 1271 709 Humanissimus

203 746 291 812 enim
310 744 363 809 vir
380 767 449 811 non
464 762 539 810 suas
555 740 656 810 modo
663 795 681 830 ,.
688 740 746 810 sed
761 744 860 812 etiam
875 741 1151 838 amplissimorum
1167 745 1272 814 homi·

203 875 284 918 num
303 852 331 917 J.
350 847 524 943 Scaligeri‚
541 851 583 917 N.
598 849 740 935 Heinsii‚
756 851 798 918 G.
813 851 955 943 Cuperi‚
971 875 1055 943 quos
1070 875 1131 944 pro
1146 852 1270 921 meritis

202 955 338 1025 laudare
356 980 425 1024 non
443 969 494 1024 est
513 953 740 1041 adolescentis,
758 957 983 1048 conjecturas,
1005 980 1175 1051 nunquam
1194 972 1271 1026 ante

202 1062 266 1131 hac
294 1060 414 1148 editas,
436 1061 580 1155 benigne
604 1084 736 1130 mecum
759 1063 1027 1131 communicavit.
1055 1061 1131 1131 Illas
1159 1078 1269 1131 autem
1311 1136 1317 1145 .

204 1192 320 1237 omnes
334 1170 421 1237 notis
439 1169 519 1236 meis
538 1169 677 1236 insertas
695 1166 831 1236 videbis.
854 1171 935 1237 Haec
954 1169 996 1236 de
1012 1170 1162 1237 instituto
1183 1195 1268 1237 meo.

203 1273 305 1362 Quod
322 1274 363 1342 ad
380 1274 628 1367 Obsequentem
647 1275 755 1367 ipsum
774 1275 911 1361 attinet,
925 1273 1006 1342 nihil
1025 1274 1134 1359 dicere
1150 1275 1268 1344 habeo.

204 1382 317 1468 Quare
338 1394 389 1466 te,
414 1380 536 1468 lector,
563 1381 695 1448 remitto
721 1378 895 1448 advirum
920 1405 1086 1449 summum
1113 1383 1192 1450 Ger.
1218 1385 1268 1451 Jo.

205 1488 362 1555 Vossium
386 1488 421 1554 in
445 1485 501 1554 lib.
524 1486 566 1556 de
592 1487 765 1554 Historieis
787 1485 915 1574 latinis,
941 1502 975 1555 et
993 1485 1035 1554 cl.
1060 1487 1269 1556 Schefferum

203 1594 238 1661 in
255 1593 472 1687 praefatione,
494 1593 551 1661 ubi
576 1593 618 1661 de
641 1617 681 1661 eo
703 1593 781 1661 satis
805 1607 955 1687 egerunt.
978 1595 1030 1662 Ne
1055 1608 1165 1661 tamen
1187 1593 1269 1662 nihil

205 1698 368 1786 afferam,
395 1702 584 1768 Romanum
607 1699 776 1768 hominem
801 1723 878 1768 eum
906 1699 1005 1767 fuisse
1032 1724 1108 1767 cum
1135 1700 1269 1768 Barthio

204 1805 246 1873 ad
268 1804 505 1892 Claudianum,
525 1830 600 1901 pag.
624 1828 822 1894 ucnnxxrv,
840 1804 892 1874 vel
909 1804 1022 1875 saltem
1039 1803 1177 1892 Italum,
1199 1808 1269 1901 opi-

204 1936 275 1979 nor.
306 1913 406 1981 Certe
426 1936 537 1981 errare
559 1913 641 1981 mihi
667 1910 822 1981 videntur
844 1912 907 1979 viri
931 1911 1037 2000 docti,
1062 1911 1119 2005 qui
1144 1936 1186 1979 ex
1209 1937 1268 1981 no·

203 2019 292 2085 mine
316 2017 387 2111 ejus
412 2015 520 2112 colligi
542 2044 639 2114 posse
663 2014 816 2105 censent,
843 2016 935 2087 illum
961 2044 1002 2086 ex
1026 2017 1189 2111 obsequiis
1216 2017 1268 2087 vel

204 2122 396 2194 satellitibus
414 2126 601 2220 principum
621 2124 740 2214 fuisse,
764 2138 798 2193 et
818 2149 1004 2219 cognomen
1022 2125 1087 2192 hoc
1108 2125 1194 2192 inter
1216 2150 1269 2192 ro-

204 2255 301 2299 mana
330 2257 398 2299 non
427 2233 567 2300 inveniri
590 2230 767 2300 affirmant.
796 2234 897 2301 Certe
924 2230 1095 2325 aliquoties
1124 2233 1270 2300 occurrit

154 2366 157 2370 ⁴
204 2336 292 2431 apud
312 2340 494 2407 Gruterum
510 2340 545 2406 in
562 2338 820 2432 Inscriptionum
836 2363 985 2433 corpore.
1001 2340 1078 2431 Pag.
1092 2358 1269 2422 occatur,

203 2467 235 2510 n.
259 2445 292 2528 lp.

583 2572 883 2620 c.ocrav1vs

613 2679 858 2738 onsnovnns.

610 2785 659 2831 rr.
688 2786 858 2833 rnvnan.

639 2892 828 2938 rorrrn.

661 2996 810 3043 maran

203 3136 281 3227 Pag.
302 3154 423 3218 cum,
444 3135 479 3201 in
498 3133 569 3203 basi
586 3156 773 3202 marmorea
789 3158 809 3201 a
832 3134 921 3205 tribu
939 3135 1146 3202 Succussana
1165 3134 1268 3228 impe·

204 3242 306 3308 ratori
323 3241 527 3334 Vespasiano
547 3241 652 3335 posita
669 3239 756 3309 inter
776 3238 946 3309 tribulium
965 3241 1100 3310 nomina
1121 3253 1187 3308 est:

485 3424 523 3469 M.
553 3423 703 3470 L1vrvs.
733 3422 980 3481 OBSEQVENS.

203 3562 356 3654 Denique
376 3559 497 3654 legitur
517 3560 635 3646 etiam,
652 3585 684 3653 p.
707 3581 841 3647 uccxc,
863 3584 895 3628 n.
918 3555 950 3629 5.

529 3742 692 3789 oonvm.
721 3741 937 3790 nrnnuau.

585 3848 709 3895 evera,
739 3849 886 3896 ecana.

658 3955 814 4002 rosvrr.

503 4061 769 4119 oasaovnurr.
797 4061 967 4108 renarro.
