2684 4830
136 385 181 430 10
532 361 795 431 PRAEFATIO

71 573 77 580 Ι
132 505 219 560 sunt.
243 491 355 559 Tertio
379 490 514 558 demum
541 489 670 559 kalend.
696 516 837 585 magnus
857 506 954 561 terrae
974 507 1119 582 tractus,
1147 498 1209 590 qui

132 598 219 666 inter
240 596 367 666 radices
389 597 529 683 montis,
549 617 648 690 quem
671 597 855 666 Barbarum
879 597 995 668 incolae
1015 599 1207 695 appellant,

132 717 166 772 et
189 727 281 772 mare
300 702 396 795 juxta
411 703 582 773 Avernum
600 703 704 796 jacet,
724 729 794 774 sese
805 706 939 800 ‚erigere
954 705 1149 795 videbatur,
1171 724 1209 778 et

131 811 254 879 montis
286 810 394 879 subito
427 811 592 879 nascentis
621 809 764 904 figuram
793 812 922 880 imitari.
956 815 1034 901 Quo
1063 813 1116 881 die
1140 816 1208 885 iste

131 931 228 986 terrae
252 915 424 999 cumulus,
448 931 565 1012 aperto
589 914 691 984 veluti
715 941 773 986 ore
797 942 920 1010 magno
944 944 1021 988 cum
1035 918 1206 1009 fremitu,

132 1046 272 1117 magnos
290 1024 382 1116 ignes
405 1024 570 1110 evomuit,
595 1024 828 1118 pumicesque,
849 1022 991 1119 lapides,
1017 1026 1208 1122 cinerisque

132 1128 213 1198 foedi
229 1144 356 1198 tantam
377 1131 525 1224 copiam,
545 1143 600 1213 ut,
618 1154 691 1222 quae
709 1130 820 1199 adhuc
834 1131 1027 1218 exstabant,
1042 1134 1207 1204 Puteolo-

134 1260 209 1304 rum
230 1235 369 1305 aedificia
390 1237 577 1330 operuerit,
599 1236 734 1305 arbores
755 1236 911 1331 fregerit,
935 1238 1208 1333 pendentemque

132 1342 335 1411 vindemiam
353 1342 396 1410 ad
418 1357 546 1411 sextum
565 1367 669 1435 usque
690 1340 834 1437 lapidem
854 1345 890 1410 in
912 1345 1040 1414 cineres
1062 1369 1209 1415 conver-

134 1451 227 1537 terit,
248 1473 346 1535 aves,
365 1448 597 1543 quadrupedes
619 1449 739 1518 bestias
760 1449 981 1537 interemerit,
999 1450 1208 1544 fugientibus

133 1581 194 1650 per
214 1556 367 1625 tenebras
384 1554 573 1624 Puteolanis
590 1580 668 1624 cum
684 1556 768 1623 natis
782 1570 816 1638 et
833 1555 1009 1643 uxoribus,
1028 1571 1062 1626 et
1079 1581 1207 1653 magno

134 1663 270 1756 gemitu,
289 1661 478 1756 ejulatuque
499 1659 676 1756 Neapolim
698 1686 769 1730 sese
787 1663 1030 1757 recipientibus.
1053 1665 1132 1733 Non
1151 1665 1207 1733 di·

134 1792 208 1838 cam
226 1769 292 1838 hoc
311 1767 385 1837 loco
405 1769 447 1836 de
463 1767 751 1855 inundationibus,
769 1793 842 1862 quae
860 1783 936 1837 ante
954 1794 1078 1863 paucos
1096 1794 1208 1842 annos
1238 1776 1241 1783 ’

135 1876 252 1944 urbem
270 1899 443 1943 romanam
458 1899 552 1969 paene
566 1875 824 1944 submerserunt.
839 1875 997 1945 Adriatici
1012 1876 1112 1944 maris
1128 1903 1207 1947 mo-

135 1995 188 2050 tus
210 1981 392 2069 inauditos,
411 1981 530 2074 quibus
552 1979 679 2074 aliquot
697 1980 872 2049 hominum
893 1980 996 2050 millia
1014 1983 1206 2076 perierunt3

70 2144 77 2153 ,
135 2102 268 2158 transeo
290 2102 325 2157 et
343 2089 526 2157 Vesuvium
547 2102 714 2174 montem,
735 2089 793 2180 qui
811 2112 898 2182 nova
916 2088 1107 2183 eruptione,
1130 2114 1206 2183 quae

135 2193 224 2263 anno
243 2220 263 2263 a
281 2195 453 2264 nativitate
471 2194 595 2264 Christi
609 2217 806 2264 moxxxvui
824 2192 931 2281 facta,
950 2196 985 2262 in
1008 2193 1083 2265 loco
1104 2195 1206 2289 plano

135 2326 294 2395 magnum
314 2316 410 2371 terrae
430 2301 557 2369 hiatum
583 2302 732 2394 aperuit,
759 2314 857 2394 atque
878 2326 939 2395 per
957 2301 1132 2370 circuitum
1151 2303 1205 2371 in-

136 2407 418 2502 gentem'molem
443 2408 477 2475 in
498 2407 634 2476 modurn
656 2407 777 2476 montis
802 2405 959 2489 altissimi,
967 2409 1179 2477 coacervavit
1197 2432 1205 2476 ε

136 2514 416 2608 quemadmodum
438 2529 472 2584 et
493 2515 592 2583 AEtna
614 2538 702 2582 anno
721 2537 922 2601 nnxxxvn,
944 2515 1000 2607 qui
1021 2515 1116 2582 novis
1140 2513 1205 2583 fra·

136 2623 197 2690 ctis
219 2621 420 2709 crateribus,
439 2646 509 2690 non
522 2635 652 2689 tantum
664 2619 766 2690 colles
781 2644 917 2703 omnes,
935 2634 1089 2705 nemora,
1107 2645 1206 2708 saxa,

138 2754 264 2823 rupes,
297 2743 331 2797 et
361 2752 465 2823 pagos
497 2727 581 2796 duos
609 2728 643 2794 in
676 2730 818 2796 cinerem
849 2727 1036 2808 convertit,
1066 2725 1125 2795 sed
1151 2734 1205 2796 to'-

139 2851 208 2904 tam
229 2837 327 2903 etiam
351 2835 493 2904 Siciliam
515 2849 549 2902 et
566 2832 727 2904 Calabriae
746 2848 890 2926 partem,
914 2857 1035 2926 magno
1056 2834 1206 2925 omnium

138 2957 274 3037 stupore
292 2965 331 3010 ac
349 2942 493 3036 pernicie
512 2938 689 3010 crudeliter
706 2939 882 3008 infestavit.
901 2941 1030 3007 Omitto
1047 2937 1111 3007 alia
1128 2939 1206 3008 hor·

139 3049 242 3118 renda
258 3049 424 3144 prodigia,
440 3045 600 3117 miracula
616 3062 714 3141 atque
733 3060 902 3140 portenta,
917 3070 991 3138 quae
1006 3044 1126 3139 elapsis
1137 3046 1204 3138 jam

138 3154 264 3250 aliquot
280 3157 375 3223 annis
393 3157 427 3222 in
446 3155 582 3223 diversis
601 3153 806 3248 regionibus,
824 3167 857 3220 et
875 3153 908 3218 in
925 3153 1106 3220 Germania
1123 3176 1206 3246 prae·

140 3265 253 3332 sertim
270 3264 340 3330 visa
368 3277 402 3330 et
425 3261 537 3330 audita
560 3275 659 3328 sunt:
679 3260 798 3352 quibus
814 3258 944 3352 flagitiis
963 3260 1084 3346 nostris
1104 3259 1207 3327 iratus

139 3373 250 3455 Deus,
269 3368 426 3437 ultionem
442 3382 541 3461 atque
555 3367 735 3434 vindictam
751 3366 894 3434 minatus
906 3379 966 3433 est.
986 3363 1051 3433 Sed
1066 3363 1207 3450 frustra,

140 3476 226 3570 proh
245 3471 358 3553 dolor!
381 3474 464 3544 adeo
481 3476 569 3543 enim
591 3476 625 3541 in
644 3472 760 3540 mundi
777 3471 875 3565 hujus
890 3469 1035 3564 ingluvie
1053 3493 1092 3538 ac
1111 3494 1207 3540 coeno

140 3585 288 3653 immersi
306 3607 440 3670 sumus,
460 3597 552 3650 tanta
571 3581 722 3674 impietas
741 3592 867 3647 mentes
880 3578 1054 3646 hominum
1070 3577 1207 3663 invasit,

139 3693 185 3760 ita
206 3691 321 3778 luxus,
348 3688 470 3775 libido,
498 3703 597 3781 atque
619 3685 682 3754 alia
703 3684 870 3755 horrenda
893 3685 980 3754 inter
1002 3683 1226 3754 Christianos

140 3812 318 3867 creverunt
328 3796 468 3891 flagitia,
482 3796 528 3863 ita
540 3792 722 3861 abundavit
733 3793 841 3860 omnis
854 3792 1009 3885 iniquitas
1023 3804 1124 3884 atque
1138 3815 1210 3884 per·

141 3906 294 3992 versitas,
317 3919 354 3973 ut
372 3901 482 3971 nullus
503 3901 625 3970 horum
643 3901 791 3968 omnium
810 3897 862 3967 vel
884 3897 1005 3992 pudor,
1027 3895 1079 3964 vel
1101 3912 1210 3965 metus

139 4009 283 4106 reliquus
296 4014 347 4081 sit.
363 4010 464 4081 Unde
479 4008 550 4077 fieri
566 4030 774 4101 nequaquam
789 4018 918 4100 potest,
932 4020 970 4073 ut
988 4027 1117 4072 errores
1133 4027 1209 4097 per·
