2670 4830
112 355 411 377 mmmmm
415 357 826 376 wnwumusmmmmwswt
831 358 1197 378 smmmusmunvmut

206 609 585 690 FRANCISCUS
625 610 1119 693 OUDENDORPIUS

125 856 541 982 LECTORI
587 856 1091 980 BENEVOLO
1133 866 1194 986 S.

469 1124 863 1158 .-.....000...-....

130 1277 300 1394 Hares
334 1320 416 1402 hio,
451 1317 556 1384 amice
593 1313 717 1402 lector,
753 1340 843 1383 meas
882 1317 1128 1418 qualescunque
1164 1332 1198 1399 in

128 1429 377 1522 Obsequentem
397 1423 652 1492 observationes.
681 1420 895 1517 Interpellare
916 1439 950 1492 te
972 1427 1006 1541 in
1029 1431 1101 1524 ipso
1119 1460 1198 1530 ope-

124 1537 171 1604 ris
192 1533 305 1635 limine
330 1555 399 1599 non
420 1529 529 1596 fuerat
550 1528 631 1595 mihi
653 1528 791 1595 animus.
806 1531 935 1599 Verum
957 1535 1035 1625 quia
1055 1540 1199 1631 priscuS,

121 1656 159 1709 et
176 1637 369 1709 adhucdum
387 1635 428 1703 ab
444 1634 598 1728 omnibus
617 1648 795 1728 usurpatus
809 1660 901 1721 mos,
917 1659 935 1703 a
950 1663 1016 1732 quo
1031 1641 1200 1718 discedere

120 1747 209 1815 mihi
233 1760 283 1815 est
301 1743 434 1837 religio,
459 1739 548 1808 aliud
566 1739 721 1832 jubebat,
740 1754 775 1808 et
792 1741 943 1835 quaedam
965 1755 1200 1839 praemonenda

118 1867 244 1935 crant,
271 1875 384 1919 meum
411 1844 753 1930 mutavilconsilium3
782 1847 923 1942 tibique,
953 1867 1129 1947 antequam
1157 1863 1200 1931 ad

120 1984 244 2028 earum
263 1955 438 2026 lectionem
454 1954 585 2039 venias,
603 1952 702 2046 hujus
722 1951 874 2023 editionis
894 1980 1051 2048 causam,
1069 1967 1200 2061 meique

117 2066 270 2135 instituti
285 2088 324 2132 ac
340 2061 459 2130 laboris
473 2060 635 2129 rationem
649 2047 764 2153 paucis
781 2063 909 2154 aperire
922 2065 1088 2138 constitui.
1103 2071 1199 2163 Illos,

121 2174 186 2265 qui
217 2167 372 2238 laudabili
404 2191 496 2236 more
522 2180 650 2233 veteres
680 2167 875 2234 Graecorum
907 2183 940 2237 et
968 2173 1199 2250 Romanorum

122 2275 403 2361 consuetudines,
430 2272 660 2366 religionisque
679 2295 1025 2373 cognoscerexarcana
1048 2285 1198 2374 student,

129 2383 210 2452 nihil
230 2381 354 2477 liquido
376 2380 564 2474 perspicere
582 2402 678 2471 posse
697 2378 766 2447 sine
782 2394 937 2477 accurata
952 2385 1198 2482 prodigi0pum‚

131 2492 301 2575 ominum,
320 2502 353 2555 et
366 2500 573 2555 ostentorum
592 2484 708 2551 notitia
725 2499 917 2585 cellumsssl
932 2513 939 2554 :
952 2514 1067 2585 neque
1082 2497 1198 2592 aliquis

133 2596 181 2684 id,
203 2597 340 2690 opinor,
361 2591 505 2686 negabit.
536 2587 672 2658 Nullam
697 2592 784 2657 enim
808 2591 850 2681 ab
876 2596 1019 2688 antiquis
1046 2605 1199 2694 gentibus

133 2728 222 2788 rem,
240 2703 303 2770 nisi
321 2701 508 2794 auspicato,
528 2710 654 2790 gestam
677 2694 794 2781 fuisse,
812 2712 874 2795 ¹aut
889 2701 1074 2796 inceptam,
1096 2711 1198 2782 immo

134 2808 254 2903 negotii
272 2804 325 2874 vel
347 2806 474 2872 minimi
494 2800 673 2896 peragendi
695 2790 867 2900 consiliuni
890 2807 1119 2905 prodigiorum
1139 2843 1199 2887 an,

134 2915 336 2983 nuntiatione
356 2909 576 2978 disturbatum
598 2922 632 2975 et
647 2906 814 3002 prolatum
836 2909 953 3010 fpisse,
977 2936 1100 2988 norunt
1124 2948 1200 2992 eru..

134 3021 210 3107 diti3
233 3033 267 3087 et
287 3016 485 3101 clarissima,
506 3028 544 3082 ut
565 3011 645 3083 alios
668 3012 941 3108 praetermittam,
963 3020 1061 3114 hujus
1084 3052 1197 3122 super·

135 3127 270 3195 stitionis
286 3121 436 3216 exempla
450 3121 516 3189 duo
530 3119 624 3189 nobis
637 3121 700 3188 viri
718 3121 892 3215 praebent,-
900 3150 1043 3221 quorum
1058 3148 1197 3229 uterque

135 3233 305 3302 hominum
327 3254 456 3314 mores,
475 3242 644 3320 tamquam
666 3227 700 3293 in
722 3226 859 3314 tabella,
877 3229 1116 3327 elegantissime
1135 3243 1196 3311 de-

135 3340 258 3432 pinxit,
284 3351 318 3404 et
343 3333 486 3430 singulas
508 3332 577 3402 fere
599 3333 773 3401 hominum
796 3337 942 3407 actiones
964 3366 1196 3442 sermonesque

136 3457 198 3513 tam
220 3442 346 3512 floridis
366 3466 405 3509 ac
425 3439 555 3534 liquidis
577 3438 742 3508 coloribus
762 3447 938 3536 expressit,
960 3462 998 3516 ut
1015 3453 1194 3526 etiamnum

137 3553 263 3637 vivere,
288 3563 322 3617 et
345 3571 457 3616 coram
480 3546 575 3614 nobis
596 3544 686 3640 loqui
707 3545 904 3644 videantur:
928 3553 1194 3649 Theophrastum

139 3655 221 3744 dico,
235 3671 270 3724 et
281 3656 482 3722 Terentium.
494 3652 743 3747 Theophrastus
756 3652 889 3746 quidem
905 3657 939 3723 in
954 3660 1194 3736 Characterum

139 3758 239 3832 libello
260 3760 522 3856 superstitiosum
544 3758 768 3854 descripturus
794 3761 879 3829 inter
905 3760 966 3832 alia
993 3767 1197 3844 haecdicit:
1256 3793 1259 3798 ’

142 3851 210 3937 blt
228 3859 425 3959 δεισιδαίμων
439 3876 577 3944 τοιοῦτος
595 3867 659 3953 τὶς,
674 3862 752 3948 οἷος,
769 3868 824 3938 τὴν
842 3859 914 3936 ὁδὸν
937 3869 987 3938 ἐὰν
1005 3869 1192 3972 παραδράμῃ

143 3981 227 4069 γαλῇ,
240 3978 282 4069 μὴ
299 3974 446 4066 πρότερον
458 3971 655 4066 πορευθῆναι,
672 3976 727 4051 ἕως
739 3964 875 4067 διεξέλθῃ
890 3973 953 4061 τὶς,
967 3976 985 4050 ἢ
999 3978 1100 4060 λίθους
1114 3956 1192 4077 epse}
1278 3984 1280 3988 ⁸

997 4110 1037 4179 22
