<?xml version="1.0" encoding="UTF-8"?>
<!DOCTYPE html PUBLIC "-//W3C//DTD XHTML 1.0 Transitional//EN"
    "http://www.w3.org/TR/xhtml1/DTD/xhtml1-transitional.dtd">
<html xmlns="http://www.w3.org/1999/xhtml" xml:lang="en" lang="en">
 <head>
  <title>
</title>
<meta http-equiv="Content-Type" content="text/html;charset=utf-8" />
  <meta name='ocr-system' content='tesseract 3.04.00' />
  <meta name='ocr-capabilities' content='ocr_page ocr_carea ocr_par ocr_line ocrx_word'/>
</head>
<body>
  <div class='ocr_page' id='page_1' title='image "bibliothecaclas99lemagoog_0036.png"; bbox 0 0 2684 4830; ppageno 0'>
   <div class='ocr_carea' id='block_1_1' title="bbox 470 308 1195 435">
    <p class='ocr_par' dir='ltr' id='par_1_1' title="bbox 470 308 1195 435">
     <span class='ocr_line' id='line_1_1' title="bbox 470 308 1195 435; baseline 0.007 -6"><span class='ocrx_word' id='word_1_1' title='bbox 470 308 868 435; x_wconf 76' lang='lat' dir='ltr'>OUDENDORl’ll.</span> <span class='ocrx_word' id='word_1_2' title='bbox 1152 389 1195 434; x_wconf 83' lang='lat'>21</span> 
     </span>
    </p>
   </div>
   <div class='ocr_carea' id='block_1_2' title="bbox 133 492 1201 590">
    <p class='ocr_par' dir='ltr' id='par_1_2' title="bbox 133 492 1201 590">
     <span class='ocr_line' id='line_1_2' title="bbox 133 492 1201 590; baseline 0.001 -26"><span class='ocrx_word' id='word_1_3' title='bbox 133 521 172 566; x_wconf 92' lang='lat' dir='ltr'>ac</span> <span class='ocrx_word' id='word_1_4' title='bbox 194 495 325 590; x_wconf 87' lang='lat' dir='ltr'><strong>plebem</strong></span> <span class='ocrx_word' id='word_1_5' title='bbox 345 492 380 562; x_wconf 91' lang='lat' dir='ltr'>in</span> <span class='ocrx_word' id='word_1_6' title='bbox 401 508 493 562; x_wconf 89' lang='lat' dir='ltr'>metu</span> <span class='ocrx_word' id='word_1_7' title='bbox 517 501 551 561; x_wconf 85' lang='lat' dir='ltr'>et</span> <span class='ocrx_word' id='word_1_8' title='bbox 575 493 687 562; x_wconf 85' lang='lat' dir='ltr'>officio</span> <span class='ocrx_word' id='word_1_9' title='bbox 710 519 771 562; x_wconf 87' lang='lat' dir='ltr'>suo</span> <span class='ocrx_word' id='word_1_10' title='bbox 790 493 1040 579; x_wconf 90' lang='lat' dir='ltr'>continendam,</span> <span class='ocrx_word' id='word_1_11' title='bbox 1059 496 1201 590; x_wconf 89' lang='lat' dir='ltr'>saepissi-</span> 
     </span>
    </p>
   </div>
   <div class='ocr_carea' id='block_1_3' title="bbox 109 599 1302 3985">
    <p class='ocr_par' dir='ltr' id='par_1_3' title="bbox 132 599 1233 2180">
     <span class='ocr_line' id='line_1_3' title="bbox 133 599 1230 693; baseline 0.001 -23"><span class='ocrx_word' id='word_1_12' title='bbox 133 627 188 670; x_wconf 89' lang='lat' dir='ltr'>me</span> <span class='ocrx_word' id='word_1_13' title='bbox 202 602 266 669; x_wconf 86' lang='lat' dir='ltr'>viri</span> <span class='ocrx_word' id='word_1_14' title='bbox 285 601 376 670; x_wconf 90' lang='lat' dir='ltr'>docti</span> <span class='ocrx_word' id='word_1_15' title='bbox 399 615 433 668; x_wconf 88' lang='lat' dir='ltr'>et</span> <span class='ocrx_word' id='word_1_16' title='bbox 451 601 486 667; x_wconf 92' lang='lat' dir='ltr'>in</span> <span class='ocrx_word' id='word_1_17' title='bbox 504 600 736 693; x_wconf 85' lang='lat' dir='ltr'>antiquitatum</span> <span class='ocrx_word' id='word_1_18' title='bbox 755 599 864 668; x_wconf 92' lang='lat' dir='ltr'>studio</span> <span class='ocrx_word' id='word_1_19' title='bbox 878 601 1203 672; x_wconf 79' lang='lat' dir='ltr'>versatiostenduut.</span> <span class='ocrx_word' id='word_1_20' title='bbox 1227 640 1230 647; x_wconf 88' lang='grc'><strong><em>·</em></strong></span> 
     </span>
     <span class='ocr_line' id='line_1_4' title="bbox 133 704 1202 801; baseline -0.001 -25"><span class='ocrx_word' id='word_1_21' title='bbox 133 710 242 792; x_wconf 86' lang='lat' dir='ltr'>Hinc,</span> <span class='ocrx_word' id='word_1_22' title='bbox 264 707 393 800; x_wconf 90' lang='lat' dir='ltr'>quoties</span> <span class='ocrx_word' id='word_1_23' title='bbox 410 731 487 775; x_wconf 91' lang='lat' dir='ltr'>cum</span> <span class='ocrx_word' id='word_1_24' title='bbox 503 704 629 801; x_wconf 81' lang='lat' dir='ltr'>popido</span> <span class='ocrx_word' id='word_1_25' title='bbox 648 707 702 800; x_wconf 85' lang='lat' dir='ltr'>agi</span> <span class='ocrx_word' id='word_1_26' title='bbox 721 704 896 792; x_wconf 90' lang='lat' dir='ltr'>nolebant,</span> <span class='ocrx_word' id='word_1_27' title='bbox 918 704 960 774; x_wconf 90' lang='lat' dir='ltr'>de</span> <span class='ocrx_word' id='word_1_28' title='bbox 978 705 1062 777; x_wconf 90' lang='lat' dir='ltr'>coelo</span> <span class='ocrx_word' id='word_1_29' title='bbox 1081 733 1116 776; x_wconf 92' lang='lat' dir='ltr'>se</span> <span class='ocrx_word' id='word_1_30' title='bbox 1133 733 1202 789; x_wconf 47' lang='lat' dir='ltr'>ser,-</span> 
     </span>
     <span class='ocr_line' id='line_1_5' title="bbox 134 811 1233 908; baseline 0.001 -27"><span class='ocrx_word' id='word_1_31' title='bbox 134 838 243 901; x_wconf 88' lang='lat' dir='ltr'>vasse,</span> <span class='ocrx_word' id='word_1_32' title='bbox 262 812 425 908; x_wconf 83' lang='lat' dir='ltr'>lapidibus</span> <span class='ocrx_word' id='word_1_33' title='bbox 445 811 583 906; x_wconf 85' lang='lat' dir='ltr'><strong>pluisse,</strong></span> <span class='ocrx_word' id='word_1_34' title='bbox 599 812 831 906; x_wconf 84' lang='lat' dir='ltr'><strong>androgynum</strong></span> <span class='ocrx_word' id='word_1_35' title='bbox 847 814 1019 881; x_wconf 88' lang='lat' dir='ltr'>inventum</span> <span class='ocrx_word' id='word_1_36' title='bbox 1035 837 1122 901; x_wconf 88' lang='lat' dir='ltr'>esse,</span> <span class='ocrx_word' id='word_1_37' title='bbox 1144 838 1203 882; x_wconf 92' lang='lat' dir='ltr'>an·</span> <span class='ocrx_word' id='word_1_38' title='bbox 1229 853 1233 861; x_wconf 93' lang='lat'><em>·</em></span> 
     </span>
     <span class='ocr_line' id='line_1_6' title="bbox 135 916 1203 1015; baseline 0.002 -27"><span class='ocrx_word' id='word_1_39' title='bbox 135 918 348 1006; x_wconf 85' lang='lat' dir='ltr'>nuntiabant,</span> <span class='ocrx_word' id='word_1_40' title='bbox 363 932 562 1012; x_wconf 86' lang='lat' dir='ltr'>caeterasque</span> <span class='ocrx_word' id='word_1_41' title='bbox 578 916 744 1012; x_wconf 82' lang='lat' dir='ltr'>religionis</span> <span class='ocrx_word' id='word_1_42' title='bbox 759 942 971 987; x_wconf 89' lang='lat' dir='ltr'>sacrorumve</span> <span class='ocrx_word' id='word_1_43' title='bbox 989 922 1203 1015; x_wconf 86' lang='lat' dir='ltr'>necopinato</span> 
     </span>
     <span class='ocr_line' id='line_1_7' title="bbox 134 1024 1203 1118; baseline 0 -24"><span class='ocrx_word' id='word_1_44' title='bbox 134 1025 366 1113; x_wconf 81' lang='lat' dir='ltr'>faciendorum</span> <span class='ocrx_word' id='word_1_45' title='bbox 384 1034 500 1093; x_wconf 79' lang='lat' dir='ltr'>causas</span> <span class='ocrx_word' id='word_1_46' title='bbox 514 1024 743 1118; x_wconf 81' lang='lat' dir='ltr'>praetexebant</span> <span class='ocrx_word' id='word_1_47' title='bbox 761 1024 947 1093; x_wconf 90' lang='lat' dir='ltr'>divinarum</span> <span class='ocrx_word' id='word_1_48' title='bbox 969 1050 1080 1094; x_wconf 89' lang='lat' dir='ltr'>rerum</span> <span class='ocrx_word' id='word_1_49' title='bbox 1101 1028 1203 1095; x_wconf 91' lang='lat' dir='ltr'>inter·</span> 
     </span>
     <span class='ocr_line' id='line_1_8' title="bbox 135 1129 1202 1226; baseline 0 -26"><span class='ocrx_word' id='word_1_50' title='bbox 135 1145 264 1225; x_wconf 89' lang='lat' dir='ltr'>pretes,</span> <span class='ocrx_word' id='word_1_51' title='bbox 280 1156 342 1199; x_wconf 89' lang='lat' dir='ltr'>nec</span> <span class='ocrx_word' id='word_1_52' title='bbox 364 1130 406 1199; x_wconf 90' lang='lat' dir='ltr'>de</span> <span class='ocrx_word' id='word_1_53' title='bbox 424 1130 533 1199; x_wconf 89' lang='lat' dir='ltr'>media</span> <span class='ocrx_word' id='word_1_54' title='bbox 552 1129 649 1226; x_wconf 88' lang='lat' dir='ltr'>plebe</span> <span class='ocrx_word' id='word_1_55' title='bbox 668 1131 747 1216; x_wconf 88' lang='lat' dir='ltr'>viri,</span> <span class='ocrx_word' id='word_1_56' title='bbox 769 1130 827 1199; x_wconf 93' lang='lat' dir='ltr'>sed</span> <span class='ocrx_word' id='word_1_57' title='bbox 842 1155 1006 1200; x_wconf 91' lang='lat' dir='ltr'>summam</span> <span class='ocrx_word' id='word_1_58' title='bbox 1021 1132 1202 1226; x_wconf 92' lang='lat' dir='ltr'>rempubli-</span> 
     </span>
     <span class='ocr_line' id='line_1_9' title="bbox 136 1236 1204 1332; baseline 0.002 -26"><span class='ocrx_word' id='word_1_59' title='bbox 136 1262 210 1306; x_wconf 86' lang='lat' dir='ltr'>cam</span> <span class='ocrx_word' id='word_1_60' title='bbox 222 1251 371 1306; x_wconf 88' lang='lat' dir='ltr'>tenentes</span> <span class='ocrx_word' id='word_1_61' title='bbox 384 1261 540 1331; x_wconf 81' lang='lat' dir='ltr'>augures,</span> <span class='ocrx_word' id='word_1_62' title='bbox 552 1250 652 1330; x_wconf 88' lang='lat' dir='ltr'>atque</span> <span class='ocrx_word' id='word_1_63' title='bbox 663 1236 844 1332; x_wconf 87' lang='lat' dir='ltr'>pontifices.</span> <span class='ocrx_word' id='word_1_64' title='bbox 860 1239 1038 1305; x_wconf 89' lang='lat' dir='ltr'>Verissime</span> <span class='ocrx_word' id='word_1_65' title='bbox 1051 1237 1204 1331; x_wconf 89' lang='lat' dir='ltr'>profecto</span> 
     </span>
     <span class='ocr_line' id='line_1_10' title="bbox 136 1341 1204 1438; baseline 0 -26"><span class='ocrx_word' id='word_1_66' title='bbox 136 1345 394 1438; x_wconf 88' lang='lat' dir='ltr'>sapientissimus</span> <span class='ocrx_word' id='word_1_67' title='bbox 412 1343 541 1411; x_wconf 89' lang='lat' dir='ltr'>romani</span> <span class='ocrx_word' id='word_1_68' title='bbox 559 1344 701 1411; x_wconf 91' lang='lat' dir='ltr'>nominis</span> <span class='ocrx_word' id='word_1_69' title='bbox 718 1341 852 1429; x_wconf 88' lang='lat' dir='ltr'>consul,</span> <span class='ocrx_word' id='word_1_70' title='bbox 866 1357 899 1411; x_wconf 90' lang='lat' dir='ltr'>et</span> <span class='ocrx_word' id='word_1_71' title='bbox 921 1342 1088 1437; x_wconf 90' lang='lat' dir='ltr'>auguralis</span> <span class='ocrx_word' id='word_1_72' title='bbox 1108 1345 1204 1414; x_wconf 90' lang='lat' dir='ltr'>disci·</span> 
     </span>
     <span class='ocr_line' id='line_1_11' title="bbox 134 1448 1205 1546; baseline 0 -28"><span class='ocrx_word' id='word_1_73' title='bbox 134 1448 235 1543; x_wconf 82' lang='lat' dir='ltr'>plinae</span> <span class='ocrx_word' id='word_1_74' title='bbox 246 1448 459 1536; x_wconf 84' lang='lat' dir='ltr'>clarissimus,</span> <span class='ocrx_word' id='word_1_75' title='bbox 470 1449 605 1536; x_wconf 88' lang='lat' dir='ltr'>Cicero,</span> <span class='ocrx_word' id='word_1_76' title='bbox 617 1448 699 1517; x_wconf 75' lang='lat' dir='ltr'>dixit</span> <span class='ocrx_word' id='word_1_77' title='bbox 709 1474 813 1546; x_wconf 85' lang='lat' dir='ltr'>quum</span> <span class='ocrx_word' id='word_1_78' title='bbox 826 1448 920 1533; x_wconf 88' lang='lat' dir='ltr'>alibi,</span> <span class='ocrx_word' id='word_1_79' title='bbox 932 1464 1005 1517; x_wconf 86' lang='lat' dir='ltr'>tum</span> <span class='ocrx_word' id='word_1_80' title='bbox 1016 1453 1158 1519; x_wconf 79' lang='lat' dir='ltr'>maxime</span> <span class='ocrx_word' id='word_1_81' title='bbox 1170 1453 1205 1518; x_wconf 91' lang='lat' dir='ltr'>iu</span> 
     </span>
     <span class='ocr_line' id='line_1_12' title="bbox 134 1554 1203 1648; baseline 0.004 -26"><span class='ocrx_word' id='word_1_82' title='bbox 134 1554 212 1623; x_wconf 92' lang='lat' dir='ltr'>libri</span> <span class='ocrx_word' id='word_1_83' title='bbox 237 1556 279 1626; x_wconf 91' lang='lat' dir='ltr'>de</span> <span class='ocrx_word' id='word_1_84' title='bbox 302 1555 514 1624; x_wconf 84' lang='lat' dir='ltr'>Divinatione</span> <span class='ocrx_word' id='word_1_85' title='bbox 542 1554 679 1623; x_wconf 92' lang='lat' dir='ltr'>secundi</span> <span class='ocrx_word' id='word_1_86' title='bbox 706 1555 814 1648; x_wconf 91' lang='lat' dir='ltr'>capite</span> <span class='ocrx_word' id='word_1_87' title='bbox 840 1557 937 1623; x_wconf 90' lang='lat' dir='ltr'>tertio</span> <span class='ocrx_word' id='word_1_88' title='bbox 962 1570 996 1623; x_wconf 89' lang='lat' dir='ltr'>et</span> <span class='ocrx_word' id='word_1_89' title='bbox 1021 1557 1203 1626; x_wconf 89' lang='lat' dir='ltr'>tricesimo:</span> 
     </span>
     <span class='ocr_line' id='line_1_13' title="bbox 133 1658 1201 1755; baseline 0.001 -25"><span class='ocrx_word' id='word_1_90' title='bbox 133 1661 298 1730; x_wconf 77' lang='lat' dir='ltr'>Errabat</span> <span class='ocrx_word' id='word_1_91' title='bbox 312 1663 427 1730; x_wconf 82' lang='lat' dir='ltr'>multis</span> <span class='ocrx_word' id='word_1_92' title='bbox 438 1667 475 1730; x_wconf 84' lang='lat' dir='ltr'>ia</span> <span class='ocrx_word' id='word_1_93' title='bbox 488 1658 588 1729; x_wconf 78' lang='lat' dir='ltr'>rebar</span> <span class='ocrx_word' id='word_1_94' title='bbox 602 1665 810 1754; x_wconf 76' lang='lat' dir='ltr'>antiquitas,</span> <span class='ocrx_word' id='word_1_95' title='bbox 828 1685 933 1755; x_wconf 87' lang='lat' dir='ltr'>quam</span> <span class='ocrx_word' id='word_1_96' title='bbox 952 1662 1012 1729; x_wconf 81' lang='lat' dir='ltr'>vel</span> <span class='ocrx_word' id='word_1_97' title='bbox 1027 1686 1090 1730; x_wconf 75' lang='lat' dir='ltr'>usa</span> <span class='ocrx_word' id='word_1_98' title='bbox 1101 1662 1201 1753; x_wconf 87' lang='lat' dir='ltr'>jam,</span> 
     </span>
     <span class='ocr_line' id='line_1_14' title="bbox 134 1767 1206 1855; baseline 0.002 -19"><span class='ocrx_word' id='word_1_99' title='bbox 134 1767 439 1855; x_wconf 80' lang='lat' dir='ltr'>veldoctriraa,ael</span> <span class='ocrx_word' id='word_1_100' title='bbox 447 1782 620 1838; x_wconf 78' lang='lat' dir='ltr'>vetustate</span> <span class='ocrx_word' id='word_1_101' title='bbox 631 1770 848 1836; x_wconf 86' lang='lat' dir='ltr'>immutatam</span> <span class='ocrx_word' id='word_1_102' title='bbox 857 1767 1030 1854; x_wconf 52' lang='lat' dir='ltr'>willemum</span> <span class='ocrx_word' id='word_1_103' title='bbox 1042 1773 1206 1838; x_wconf 74' lang='lat' dir='ltr'>retinetur</span> 
     </span>
     <span class='ocr_line' id='line_1_15' title="bbox 135 1873 1206 1969; baseline 0.001 -27"><span class='ocrx_word' id='word_1_104' title='bbox 135 1890 253 1942; x_wconf 88' lang='lat' dir='ltr'>autem</span> <span class='ocrx_word' id='word_1_105' title='bbox 274 1890 311 1942; x_wconf 89' lang='lat' dir='ltr'>et</span> <span class='ocrx_word' id='word_1_106' title='bbox 330 1874 383 1942; x_wconf 88' lang='lat' dir='ltr'>ad</span> <span class='ocrx_word' id='word_1_107' title='bbox 400 1879 594 1969; x_wconf 73' lang='lat' dir='ltr'>opinionem</span> <span class='ocrx_word' id='word_1_108' title='bbox 614 1875 727 1966; x_wconf 79' lang='lat' dir='ltr'>uulgi,</span> <span class='ocrx_word' id='word_1_109' title='bbox 750 1873 856 1942; x_wconf 87' lang='lat' dir='ltr'>etad</span> <span class='ocrx_word' id='word_1_110' title='bbox 871 1897 1020 1967; x_wconf 72' lang='lat' dir='ltr'>magnas</span> <span class='ocrx_word' id='word_1_111' title='bbox 1039 1875 1206 1944; x_wconf 78' lang='lat' dir='ltr'>utilitates</span> 
     </span>
     <span class='ocr_line' id='line_1_16' title="bbox 134 1978 1207 2076; baseline 0.001 -28"><span class='ocrx_word' id='word_1_112' title='bbox 134 1979 333 2076; x_wconf 60' lang='lat' dir='ltr'>republica</span> <span class='ocrx_word' id='word_1_113' title='bbox 353 2004 442 2066; x_wconf 82' lang='lat' dir='ltr'>mos,</span> <span class='ocrx_word' id='word_1_114' title='bbox 458 1981 594 2073; x_wconf 70' lang='lat' dir='ltr'>religia,</span> <span class='ocrx_word' id='word_1_115' title='bbox 612 1978 810 2074; x_wconf 61' lang='lat' dir='ltr'>discindna,</span> <span class='ocrx_word' id='word_1_116' title='bbox 817 1978 881 2070; x_wconf 79' lang='lat' dir='ltr'>Jias</span> <span class='ocrx_word' id='word_1_117' title='bbox 893 1984 1093 2073; x_wconf 70' lang='lat' dir='ltr'>migratum,</span> <span class='ocrx_word' id='word_1_118' title='bbox 1109 1983 1207 2050; x_wconf 74' lang='lat' dir='ltr'>colle</span> 
     </span>
     <span class='ocr_line' id='line_1_17' title="bbox 132 2083 1204 2180; baseline 0.002 -26"><span class='ocrx_word' id='word_1_119' title='bbox 132 2091 190 2180; x_wconf 78' lang='lat' dir='ltr'>git</span> <span class='ocrx_word' id='word_1_120' title='bbox 200 2090 399 2154; x_wconf 83' lang='lat' dir='ltr'>auctoritas.</span> <span class='ocrx_word' id='word_1_121' title='bbox 416 2088 461 2153; x_wconf 92' lang='lat' dir='ltr'>Et</span> <span class='ocrx_word' id='word_1_122' title='bbox 476 2085 623 2177; x_wconf 88' lang='lat' dir='ltr'>ejusdem</span> <span class='ocrx_word' id='word_1_123' title='bbox 634 2083 709 2153; x_wconf 90' lang='lat' dir='ltr'>libri</span> <span class='ocrx_word' id='word_1_124' title='bbox 722 2085 831 2177; x_wconf 85' lang='lat' dir='ltr'>capite</span> <span class='ocrx_word' id='word_1_125' title='bbox 842 2086 958 2178; x_wconf 87' lang='lat' dir='ltr'>quinto</span> <span class='ocrx_word' id='word_1_126' title='bbox 973 2099 1007 2155; x_wconf 89' lang='lat' dir='ltr'>et</span> <span class='ocrx_word' id='word_1_127' title='bbox 1018 2087 1204 2156; x_wconf 88' lang='lat' dir='ltr'>tricesimo:</span> 
     </span>
    </p>

    <p class='ocr_par' dir='ltr' id='par_1_4' title="bbox 109 2187 1302 3985">
     <span class='ocr_line' id='line_1_18' title="bbox 109 2187 1206 2286; baseline 0 -24"><span class='ocrx_word' id='word_1_128' title='bbox 109 2187 112 2191; x_wconf 37' lang='lat'>⁵</span> <span class='ocrx_word' id='word_1_129' title='bbox 135 2193 284 2264; x_wconf 78' lang='lat' dir='ltr'>Fulmen</span> <span class='ocrx_word' id='word_1_130' title='bbox 294 2197 468 2260; x_wconf 67' lang='lat' dir='ltr'>stammam</span> <span class='ocrx_word' id='word_1_131' title='bbox 477 2194 669 2286; x_wconf 79' lang='lat' dir='ltr'>aruspicium</span> <span class='ocrx_word' id='word_1_132' title='bbox 679 2196 842 2286; x_wconf 80' lang='lat' dir='ltr'>optimum</span> <span class='ocrx_word' id='word_1_133' title='bbox 854 2190 1018 2260; x_wconf 76' lang='lat' dir='ltr'>habemur</span> <span class='ocrx_word' id='word_1_134' title='bbox 1030 2192 1082 2261; x_wconf 81' lang='lat' dir='ltr'>ad</span> <span class='ocrx_word' id='word_1_135' title='bbox 1088 2217 1206 2262; x_wconf 82' lang='lat' dir='ltr'>ornnes</span> 
     </span>
     <span class='ocr_line' id='line_1_19' title="bbox 135 2295 1204 2394; baseline 0.001 -28"><span class='ocrx_word' id='word_1_136' title='bbox 135 2322 221 2388; x_wconf 69' lang='lat' dir='ltr'>res,</span> <span class='ocrx_word' id='word_1_137' title='bbox 231 2313 465 2394; x_wconf 70' lang='lat' dir='ltr'>praeterquam</span> <span class='ocrx_word' id='word_1_138' title='bbox 488 2297 541 2380; x_wconf 80' lang='lat' dir='ltr'>ad</span> <span class='ocrx_word' id='word_1_139' title='bbox 561 2301 719 2364; x_wconf 81' lang='lat' dir='ltr'>comitia:</span> <span class='ocrx_word' id='word_1_140' title='bbox 740 2295 838 2389; x_wconf 86' lang='lat' dir='ltr'>quod</span> <span class='ocrx_word' id='word_1_141' title='bbox 857 2298 992 2390; x_wconf 67' lang='lat' dir='ltr'>quidem</span> <span class='ocrx_word' id='word_1_142' title='bbox 1015 2303 1204 2368; x_wconf 71' lang='lat' dir='ltr'>castitatum</span> 
     </span>
     <span class='ocr_line' id='line_1_20' title="bbox 135 2403 1230 2500; baseline 0.002 -28"><span class='ocrx_word' id='word_1_143' title='bbox 135 2404 335 2499; x_wconf 62' lang='lat' dir='ltr'>republica</span> <span class='ocrx_word' id='word_1_144' title='bbox 354 2425 464 2471; x_wconf 83' lang='lat' dir='ltr'>causa</span> <span class='ocrx_word' id='word_1_145' title='bbox 485 2416 548 2487; x_wconf 86' lang='lat' dir='ltr'>est,</span> <span class='ocrx_word' id='word_1_146' title='bbox 560 2417 611 2475; x_wconf 86' lang='lat' dir='ltr'>ut</span> <span class='ocrx_word' id='word_1_147' title='bbox 625 2406 836 2470; x_wconf 84' lang='lat' dir='ltr'>comitiorum</span> <span class='ocrx_word' id='word_1_148' title='bbox 855 2404 915 2472; x_wconf 77' lang='lat' dir='ltr'>cel</span> <span class='ocrx_word' id='word_1_149' title='bbox 934 2409 971 2471; x_wconf 83' lang='lat' dir='ltr'>ia</span> <span class='ocrx_word' id='word_1_150' title='bbox 979 2403 1122 2494; x_wconf 74' lang='lat' dir='ltr'>Jiidtciir</span> <span class='ocrx_word' id='word_1_151' title='bbox 1136 2429 1205 2500; x_wconf 84' lang='lat' dir='ltr'>po·</span> <span class='ocrx_word' id='word_1_152' title='bbox 1227 2433 1230 2437; x_wconf 47' lang='lat'><strong>¹</strong></span> 
     </span>
     <span class='ocr_line' id='line_1_21' title="bbox 132 2507 1207 2606; baseline 0.003 -28"><span class='ocrx_word' id='word_1_153' title='bbox 132 2513 232 2606; x_wconf 80' lang='lat' dir='ltr'>puli,</span> <span class='ocrx_word' id='word_1_154' title='bbox 258 2511 317 2579; x_wconf 80' lang='lat' dir='ltr'>cel</span> <span class='ocrx_word' id='word_1_155' title='bbox 333 2513 369 2578; x_wconf 84' lang='lat' dir='ltr'>ira</span> <span class='ocrx_word' id='word_1_156' title='bbox 379 2507 462 2598; x_wconf 88' lang='lat' dir='ltr'>jare</span> <span class='ocrx_word' id='word_1_157' title='bbox 482 2508 592 2602; x_wconf 81' lang='lat' dir='ltr'>legum</span> <span class='ocrx_word' id='word_1_158' title='bbox 602 2561 613 2593; x_wconf 92' lang='lat'>,</span> <span class='ocrx_word' id='word_1_159' title='bbox 640 2509 701 2576; x_wconf 83' lang='lat' dir='ltr'>cel</span> <span class='ocrx_word' id='word_1_160' title='bbox 715 2512 751 2576; x_wconf 84' lang='lat' dir='ltr'>ia</span> <span class='ocrx_word' id='word_1_161' title='bbox 768 2508 926 2576; x_wconf 79' lang='lat' dir='ltr'>creandis</span> <span class='ocrx_word' id='word_1_162' title='bbox 948 2512 1207 2602; x_wconf 69' lang='lat' dir='ltr'>magmtratibus</span> 
     </span>
     <span class='ocr_line' id='line_1_22' title="bbox 132 2615 1205 2713; baseline 0.002 -28"><span class='ocrx_word' id='word_1_163' title='bbox 132 2622 312 2713; x_wconf 61' lang='lat' dir='ltr'>princpes</span> <span class='ocrx_word' id='word_1_164' title='bbox 328 2618 475 2696; x_wconf 76' lang='lat' dir='ltr'>civitatis</span> <span class='ocrx_word' id='word_1_165' title='bbox 491 2630 605 2683; x_wconf 84' lang='lat' dir='ltr'>essent</span> <span class='ocrx_word' id='word_1_166' title='bbox 619 2618 825 2709; x_wconf 73' lang='lat' dir='ltr'>interpretes.</span> <span class='ocrx_word' id='word_1_167' title='bbox 844 2617 889 2682; x_wconf 92' lang='lat' dir='ltr'>Et</span> <span class='ocrx_word' id='word_1_168' title='bbox 906 2616 979 2710; x_wconf 88' lang='lat' dir='ltr'>quis</span> <span class='ocrx_word' id='word_1_169' title='bbox 996 2615 1130 2685; x_wconf 85' lang='lat' dir='ltr'>tandem</span> <span class='ocrx_word' id='word_1_170' title='bbox 1148 2643 1205 2687; x_wconf 90' lang='lat' dir='ltr'>ne·</span> 
     </span>
     <span class='ocr_line' id='line_1_23' title="bbox 138 2719 1207 2817; baseline -0.005 -25"><span class='ocrx_word' id='word_1_171' title='bbox 138 2725 221 2810; x_wconf 92' lang='lat' dir='ltr'>scit,</span> <span class='ocrx_word' id='word_1_172' title='bbox 245 2721 434 2816; x_wconf 84' lang='lat' dir='ltr'>diligentem</span> <span class='ocrx_word' id='word_1_173' title='bbox 457 2719 684 2815; x_wconf 89' lang='lat' dir='ltr'>prodigiorum</span> <span class='ocrx_word' id='word_1_174' title='bbox 704 2721 971 2814; x_wconf 84' lang='lat' dir='ltr'>procurationem</span> <span class='ocrx_word' id='word_1_175' title='bbox 999 2746 1085 2817; x_wconf 89' lang='lat' dir='ltr'>saepe</span> <span class='ocrx_word' id='word_1_176' title='bbox 1106 2724 1207 2793; x_wconf 87' lang='lat' dir='ltr'>habi·.</span> 
     </span>
     <span class='ocr_line' id='line_1_24' title="bbox 138 2827 1206 2914; baseline 0.001 -16"><span class='ocrx_word' id='word_1_177' title='bbox 138 2845 210 2899; x_wconf 90' lang='lat' dir='ltr'>tam</span> <span class='ocrx_word' id='word_1_178' title='bbox 227 2828 326 2897; x_wconf 86' lang='lat' dir='ltr'>fuisse</span> <span class='ocrx_word' id='word_1_179' title='bbox 343 2827 561 2896; x_wconf 82' lang='lat' dir='ltr'>maximarum</span> <span class='ocrx_word' id='word_1_180' title='bbox 580 2827 793 2895; x_wconf 82' lang='lat' dir='ltr'>victoriarum</span> <span class='ocrx_word' id='word_1_181' title='bbox 813 2851 964 2914; x_wconf 82' lang='lat' dir='ltr'>causam3</span> <span class='ocrx_word' id='word_1_182' title='bbox 987 2843 1103 2897; x_wconf 90' lang='lat' dir='ltr'>contra</span> <span class='ocrx_word' id='word_1_183' title='bbox 1125 2854 1206 2899; x_wconf 90' lang='lat' dir='ltr'>vero</span> 
     </span>
     <span class='ocr_line' id='line_1_25' title="bbox 138 2931 1207 3029; baseline 0.001 -25"><span class='ocrx_word' id='word_1_184' title='bbox 138 2934 274 3004; x_wconf 91' lang='lat' dir='ltr'>illorum</span> <span class='ocrx_word' id='word_1_185' title='bbox 295 2932 494 3028; x_wconf 84' lang='lat' dir='ltr'>neglectiani</span> <span class='ocrx_word' id='word_1_186' title='bbox 521 2934 724 3027; x_wconf 87' lang='lat' dir='ltr'>turpissimas</span> <span class='ocrx_word' id='word_1_187' title='bbox 752 2931 860 3001; x_wconf 88' lang='lat' dir='ltr'>clades</span> <span class='ocrx_word' id='word_1_188' title='bbox 882 2931 981 3001; x_wconf 86' lang='lat' dir='ltr'>fuisse</span> <span class='ocrx_word' id='word_1_189' title='bbox 1007 2934 1207 3029; x_wconf 80' lang='lat' dir='ltr'>imputatus?</span> 
     </span>
     <span class='ocr_line' id='line_1_26' title="bbox 140 3036 1302 3135; baseline 0.002 -26"><span class='ocrx_word' id='word_1_190' title='bbox 140 3067 211 3111; x_wconf 88' lang='lat' dir='ltr'>non</span> <span class='ocrx_word' id='word_1_191' title='bbox 233 3040 296 3110; x_wconf 85' lang='lat' dir='ltr'>alia</span> <span class='ocrx_word' id='word_1_192' title='bbox 317 3040 449 3135; x_wconf 89' lang='lat' dir='ltr'>quidem</span> <span class='ocrx_word' id='word_1_193' title='bbox 470 3038 511 3107; x_wconf 90' lang='lat' dir='ltr'>de</span> <span class='ocrx_word' id='word_1_194' title='bbox 530 3063 647 3126; x_wconf 86' lang='lat' dir='ltr'>causa,</span> <span class='ocrx_word' id='word_1_195' title='bbox 666 3064 766 3133; x_wconf 89' lang='lat' dir='ltr'>quam</span> <span class='ocrx_word' id='word_1_196' title='bbox 787 3054 826 3107; x_wconf 92' lang='lat' dir='ltr'>ut</span> <span class='ocrx_word' id='word_1_197' title='bbox 845 3036 982 3133; x_wconf 85' lang='lat' dir='ltr'>simplex</span> <span class='ocrx_word' id='word_1_198' title='bbox 1001 3053 1035 3106; x_wconf 92' lang='lat' dir='ltr'>et</span> <span class='ocrx_word' id='word_1_199' title='bbox 1055 3040 1206 3135; x_wconf 87' lang='lat' dir='ltr'>religiosa</span> <span class='ocrx_word' id='word_1_200' title='bbox 1297 3083 1302 3089; x_wconf 37' lang='grc' dir='ltr'><em>ι</em></span> 
     </span>
     <span class='ocr_line' id='line_1_27' title="bbox 140 3133 1251 3242; baseline -0.001 -26"><span class='ocrx_word' id='word_1_201' title='bbox 140 3146 254 3242; x_wconf 88' lang='lat' dir='ltr'>plebs,</span> <span class='ocrx_word' id='word_1_202' title='bbox 273 3172 345 3241; x_wconf 91' lang='lat' dir='ltr'>quae</span> <span class='ocrx_word' id='word_1_203' title='bbox 368 3171 435 3241; x_wconf 89' lang='lat' dir='ltr'>quo</span> <span class='ocrx_word' id='word_1_204' title='bbox 454 3147 559 3240; x_wconf 88' lang='lat' dir='ltr'>magis</span> <span class='ocrx_word' id='word_1_205' title='bbox 581 3145 737 3215; x_wconf 89' lang='lat' dir='ltr'>credebat</span> <span class='ocrx_word' id='word_1_206' title='bbox 751 3145 915 3240; x_wconf 91' lang='lat' dir='ltr'>prodigia,</span> <span class='ocrx_word' id='word_1_207' title='bbox 933 3170 973 3214; x_wconf 91' lang='lat' dir='ltr'>eo</span> <span class='ocrx_word' id='word_1_208' title='bbox 992 3133 1090 3215; x_wconf 85' lang='lat' dir='ltr'>etiarn</span> <span class='ocrx_word' id='word_1_209' title='bbox 1109 3147 1207 3242; x_wconf 91' lang='lat' dir='ltr'>plura</span> <span class='ocrx_word' id='word_1_210' title='bbox 1248 3211 1251 3215; x_wconf 81' lang='lat'><strong>.</strong></span> 
     </span>
     <span class='ocr_line' id='line_1_28' title="bbox 139 3251 1207 3350; baseline -0.001 -28"><span class='ocrx_word' id='word_1_211' title='bbox 139 3252 401 3339; x_wconf 81' lang='lat' dir='ltr'>nuntiabantur,</span> <span class='ocrx_word' id='word_1_212' title='bbox 415 3252 676 3350; x_wconf 89' lang='lat' dir='ltr'>magistratibus,</span> <span class='ocrx_word' id='word_1_213' title='bbox 699 3251 741 3319; x_wconf 92' lang='lat' dir='ltr'>ad</span> <span class='ocrx_word' id='word_1_214' title='bbox 758 3276 841 3346; x_wconf 91' lang='lat' dir='ltr'>quos</span> <span class='ocrx_word' id='word_1_215' title='bbox 856 3275 1026 3321; x_wconf 88' lang='lat' dir='ltr'>sacrorum</span> <span class='ocrx_word' id='word_1_216' title='bbox 1041 3275 1120 3319; x_wconf 91' lang='lat' dir='ltr'>cura</span> <span class='ocrx_word' id='word_1_217' title='bbox 1136 3278 1207 3347; x_wconf 91' lang='lat' dir='ltr'>per·</span> 
     </span>
     <span class='ocr_line' id='line_1_29' title="bbox 140 3357 1207 3453; baseline -0.001 -25"><span class='ocrx_word' id='word_1_218' title='bbox 140 3360 287 3449; x_wconf 74' lang='lat' dir='ltr'>timebat,</span> <span class='ocrx_word' id='word_1_219' title='bbox 303 3373 387 3428; x_wconf 87' lang='lat' dir='ltr'>esset</span> <span class='ocrx_word' id='word_1_220' title='bbox 406 3358 567 3445; x_wconf 84' lang='lat' dir='ltr'>obnoxia,</span> <span class='ocrx_word' id='word_1_221' title='bbox 581 3373 615 3429; x_wconf 90' lang='lat' dir='ltr'>et</span> <span class='ocrx_word' id='word_1_222' title='bbox 629 3357 672 3425; x_wconf 89' lang='lat' dir='ltr'>ad</span> <span class='ocrx_word' id='word_1_223' title='bbox 684 3359 832 3452; x_wconf 91' lang='lat' dir='ltr'>ipsorum</span> <span class='ocrx_word' id='word_1_224' title='bbox 846 3371 964 3426; x_wconf 89' lang='lat' dir='ltr'>nutum</span> <span class='ocrx_word' id='word_1_225' title='bbox 980 3371 1100 3426; x_wconf 90' lang='lat' dir='ltr'>cuncta</span> <span class='ocrx_word' id='word_1_226' title='bbox 1111 3384 1207 3453; x_wconf 87' lang='lat' dir='ltr'>pera·</span> 
     </span>
     <span class='ocr_line' id='line_1_30' title="bbox 142 3463 1207 3560; baseline 0.002 -26"><span class='ocrx_word' id='word_1_227' title='bbox 142 3479 247 3560; x_wconf 87' lang='lat' dir='ltr'>geret.</span> <span class='ocrx_word' id='word_1_228' title='bbox 261 3466 475 3560; x_wconf 85' lang='lat' dir='ltr'>Quapropter</span> <span class='ocrx_word' id='word_1_229' title='bbox 486 3465 561 3558; x_wconf 86' lang='lat' dir='ltr'>jure</span> <span class='ocrx_word' id='word_1_230' title='bbox 577 3465 696 3533; x_wconf 90' lang='lat' dir='ltr'>merito</span> <span class='ocrx_word' id='word_1_231' title='bbox 714 3463 889 3532; x_wconf 91' lang='lat' dir='ltr'>ludibundi</span> <span class='ocrx_word' id='word_1_232' title='bbox 905 3490 974 3532; x_wconf 90' lang='lat' dir='ltr'>non</span> <span class='ocrx_word' id='word_1_233' title='bbox 987 3464 1087 3532; x_wconf 91' lang='lat' dir='ltr'>modo</span> <span class='ocrx_word' id='word_1_234' title='bbox 1101 3480 1207 3558; x_wconf 85' lang='lat' dir='ltr'>poetae</span> 
     </span>
     <span class='ocr_line' id='line_1_31' title="bbox 140 3570 1208 3666; baseline -0.001 -26"><span class='ocrx_word' id='word_1_235' title='bbox 140 3572 344 3640; x_wconf 87' lang='lat' dir='ltr'>carminibus</span> <span class='ocrx_word' id='word_1_236' title='bbox 363 3571 429 3639; x_wconf 88' lang='lat' dir='ltr'>suis</span> <span class='ocrx_word' id='word_1_237' title='bbox 449 3570 521 3640; x_wconf 86' lang='lat' dir='ltr'>lraec</span> <span class='ocrx_word' id='word_1_238' title='bbox 542 3572 777 3658; x_wconf 84' lang='lat' dir='ltr'>intexuerunt;</span> <span class='ocrx_word' id='word_1_239' title='bbox 798 3594 915 3638; x_wconf 86' lang='lat' dir='ltr'>verum</span> <span class='ocrx_word' id='word_1_240' title='bbox 939 3572 1037 3638; x_wconf 90' lang='lat' dir='ltr'>etiarn</span> <span class='ocrx_word' id='word_1_241' title='bbox 1055 3572 1208 3666; x_wconf 86' lang='lat' dir='ltr'>gravissi·</span> 
     </span>
     <span class='ocr_line' id='line_1_32' title="bbox 140 3670 1208 3770; baseline 0.001 -23"><span class='ocrx_word' id='word_1_242' title='bbox 140 3679 207 3747; x_wconf 90' lang='lat' dir='ltr'>mis</span> <span class='ocrx_word' id='word_1_243' title='bbox 230 3678 442 3746; x_wconf 88' lang='lat' dir='ltr'>historiarum</span> <span class='ocrx_word' id='word_1_244' title='bbox 470 3676 696 3745; x_wconf 87' lang='lat' dir='ltr'>conditoribus</span> <span class='ocrx_word' id='word_1_245' title='bbox 720 3670 824 3770; x_wconf 86' lang='lat' dir='ltr'>(quos</span> <span class='ocrx_word' id='word_1_246' title='bbox 856 3677 966 3770; x_wconf 88' lang='lat' dir='ltr'>inepte</span> <span class='ocrx_word' id='word_1_247' title='bbox 989 3676 1054 3744; x_wconf 89' lang='lat' dir='ltr'>hoc</span> <span class='ocrx_word' id='word_1_248' title='bbox 1073 3679 1208 3748; x_wconf 89' lang='lat' dir='ltr'>nomine</span> 
     </span>
     <span class='ocr_line' id='line_1_33' title="bbox 141 3774 1209 3875; baseline 0 -20"><span class='ocrx_word' id='word_1_249' title='bbox 141 3798 301 3855; x_wconf 85' lang='lat' dir='ltr'>accusant</span> <span class='ocrx_word' id='word_1_250' title='bbox 315 3774 482 3868; x_wconf 90' lang='lat' dir='ltr'>nonnulli)</span> <span class='ocrx_word' id='word_1_251' title='bbox 498 3784 606 3850; x_wconf 89' lang='lat' dir='ltr'>visum</span> <span class='ocrx_word' id='word_1_252' title='bbox 624 3782 701 3870; x_wconf 90' lang='lat' dir='ltr'>fuit,</span> <span class='ocrx_word' id='word_1_253' title='bbox 723 3807 757 3850; x_wconf 92' lang='lat' dir='ltr'>se</span> <span class='ocrx_word' id='word_1_254' title='bbox 777 3807 887 3875; x_wconf 86' lang='lat' dir='ltr'>operae</span> <span class='ocrx_word' id='word_1_255' title='bbox 902 3783 1046 3875; x_wconf 91' lang='lat' dir='ltr'>pretium</span> <span class='ocrx_word' id='word_1_256' title='bbox 1061 3782 1209 3856; x_wconf 88' lang='lat' dir='ltr'>facturos</span> 
     </span>
     <span class='ocr_line' id='line_1_34' title="bbox 139 3876 1266 3985; baseline -0.004 -22"><span class='ocrx_word' id='word_1_257' title='bbox 139 3914 230 3977; x_wconf 80' lang='lat' dir='ltr'>esse,</span> <span class='ocrx_word' id='word_1_258' title='bbox 249 3891 276 3958; x_wconf 93' lang='lat' dir='ltr'>si</span> <span class='ocrx_word' id='word_1_259' title='bbox 287 3888 513 3984; x_wconf 86' lang='lat' dir='ltr'>prodigiorum</span> <span class='ocrx_word' id='word_1_260' title='bbox 528 3887 570 3955; x_wconf 91' lang='lat' dir='ltr'>ad</span> <span class='ocrx_word' id='word_1_261' title='bbox 592 3913 644 3956; x_wconf 88' lang='lat' dir='ltr'>res</span> <span class='ocrx_word' id='word_1_262' title='bbox 662 3902 769 3982; x_wconf 86' lang='lat' dir='ltr'>gestas</span> <span class='ocrx_word' id='word_1_263' title='bbox 786 3902 820 3957; x_wconf 92' lang='lat' dir='ltr'>et</span> <span class='ocrx_word' id='word_1_264' title='bbox 840 3887 1080 3982; x_wconf 87' lang='lat' dir='ltr'>rempublicam</span> <span class='ocrx_word' id='word_1_265' title='bbox 1101 3893 1207 3985; x_wconf 85' lang='lat' dir='ltr'>perti·</span> <span class='ocrx_word' id='word_1_266' title='bbox 1264 3876 1266 3881; x_wconf 10' lang='grc' dir='ltr'><strong>λ</strong></span> 
     </span>
    </p>
   </div>
   <div class='ocr_carea' id='block_1_4' title="bbox 140 3989 1210 4089">
    <p class='ocr_par' dir='ltr' id='par_1_5' title="bbox 140 3989 1210 4089">
     <span class='ocr_line' id='line_1_35' title="bbox 140 3989 1210 4089; baseline -0.003 -22"><span class='ocrx_word' id='word_1_267' title='bbox 140 3997 294 4069; x_wconf 83' lang='lat' dir='ltr'>nentium</span> <span class='ocrx_word' id='word_1_268' title='bbox 316 3996 663 4065; x_wconf 86' lang='lat' dir='ltr'>commemorationem</span> <span class='ocrx_word' id='word_1_269' title='bbox 681 3989 845 4089; x_wconf 81' lang='lat' dir='ltr'>operibus</span> <span class='ocrx_word' id='word_1_270' title='bbox 858 3996 923 4064; x_wconf 92' lang='lat' dir='ltr'>suis</span> <span class='ocrx_word' id='word_1_271' title='bbox 940 3997 1210 4085; x_wconf 87' lang='lat' dir='ltr'>immiscuissent,</span> 
     </span>
    </p>
   </div>
   <div class='ocr_carea' id='block_1_5' title="bbox 983 4113 1024 4196">
    <p class='ocr_par' dir='ltr' id='par_1_6' title="bbox 983 4113 1024 4196">
     <span class='ocr_line' id='line_1_36' title="bbox 983 4113 1024 4196; baseline 0 -44"><span class='ocrx_word' id='word_1_272' title='bbox 983 4113 1024 4196; x_wconf 80' lang='grc'>23</span> 
     </span>
    </p>
   </div>
   <div class='ocr_carea' id='block_1_6' title="bbox 0 0 1355 4830">
    <p class='ocr_par' dir='ltr' id='par_1_7' title="bbox 0 0 1355 4830">
     <span class='ocr_line' id='line_1_37' title="bbox 0 0 1355 4830; baseline 0 0"><span class='ocrx_word' id='word_1_273' title='bbox 0 0 1355 4830; x_wconf 95' lang='lat' dir='ltr'> </span> 
     </span>
    </p>
   </div>
  </div>
 </body>
</html>
