2684 4830
196 364 242 444 42
453 360 597 427 sunu
625 359 997 446 onsaouanrrs

194 491 248 560 alii
275 493 466 586 Pupiniam,
492 489 546 558 alii
571 489 751 585 Popiliam,
774 506 915 579 vocant,
940 494 1054 562 incesti
1077 493 1254 583 damnata,

193 622 306 692 poenas
327 597 425 666 dedit.
443 599 540 665 Armo
559 599 726 690 sequenti,
744 622 815 665 non
833 599 964 691 segnior
981 598 1143 667 discordia
1162 600 1254 669 domi

192 718 225 771 et
250 702 373 772 bellum
397 702 476 770 foris
502 703 646 770 atrocius
669 701 754 770 fuit:
781 703 823 771 ab
846 704 959 796 AEquis
986 729 1078 772 arma
1103 720 1254 800 sumpta,

192 823 226 877 et
246 810 401 879 Veientes
422 809 456 874 in
478 831 575 902 agros
597 809 826 876 Romanorum
846 809 1049 877 incursiones
1066 809 1225 879 fecerunt.

262 992 340 1059 XII.
362 992 412 1058 M.
428 988 539 1058 Fabio
556 990 609 1074 II,
629 990 686 1058 Cn.
697 984 834 1057 Manlr‘o
848 992 1068 1076 Cincinnato,
1085 1016 1172 1061 coss.

370 1096 473 1163 -U.
492 1097 529 1164 C.
554 1096 744 1190 274-Α,
762 1095 800 1161 C.
820 1093 906 1190 478.
935 1099 1066 1189 Lycost.

244 1259 308 1336 *In
328 1265 414 1335 bello
441 1281 557 1334 contra
576 1267 749 1354 Veientes,
767 1265 882 1336 Manlii
903 1271 1093 1363 praetorium
1110 1270 1151 1338 de
1173 1271 1254 1340 caelo

193 1387 335 1461 tactum,
356 1371 534 1442 laceratum
556 1370 693 1440 fulmine
718 1374 922 1461 tentorium,
947 1399 1079 1444 eversus
1104 1375 1254 1464 foculus,

191 1504 283 1548 arma
301 1478 438 1566 foedata,
455 1478 620 1565 ambusta,
639 1503 677 1547 ac
692 1480 727 1546 in
742 1493 849 1547 totum
865 1481 1024 1566 contrita3
1044 1482 1170 1550 occisus
1185 1483 1253 1550 exi-

192 1587 277 1654 mius
299 1609 418 1679 equus,
443 1609 511 1678 quo
531 1584 565 1651 in
585 1583 704 1678 praeliis
731 1585 780 1653 uti
800 1600 1028 1654 consueverat
1052 1588 1255 1682 Interrogati

192 1693 292 1786 igitur
309 1692 503 1785 interpretes
524 1690 771 1785 prodigiorum,
791 1690 1049 1784 responderunt,
1068 1692 1254 1787 significare

193 1812 376 1866 castrorum
413 1798 712 1891 oppugnationem,
744 1810 777 1865 et
812 1795 1067 1866 clarissimorum
1104 1800 1255 1867 virorum

192 1904 369 1972 interitum.
408 1905 494 1971 Cum
530 1903 699 1970 Hetruscis
737 1916 876 1970 cruento
909 1901 1022 1997 praelio
1057 1918 1253 1998 pugnatum.

193 2010 234 2097 Q.
247 2009 381 2095 Fabius,
402 2009 509 2076 Marci
528 2007 648 2092 frater,
663 2007 714 2076 bis
733 2006 864 2091 consul,
879 2022 913 2076 et
929 2023 1009 2078 tunc
1027 2008 1169 2103 legatus,
1187 2008 1253 2078 lan·

193 2139 250 2182 cea
278 2140 337 2208 per
366 2129 481 2209 pectus
508 2115 593 2183 ictus
620 2114 751 2181 interiit.
779 2112 925 2183 Manlius
954 2114 1069 2184 consul
1099 2117 1134 2183 in
1160 2114 1255 2184 clade

193 2220 366 2308 occubuit,
387 2235 420 2288 et
440 2218 562 2287 vallum
582 2222 809 2288 Romanorum
829 2234 963 2314 captum
982 2235 1039 2289 est.

125 2401 129 2407 “
192 2399 287 2464 XIII.
313 2400 353 2487 Q.
375 2397 513 2465 Servilio
529 2400 649 2465 Prisco
661 2398 714 2485 II,
726 2400 789 2492 Sp.
806 2397 1003 2466 Posthumio
1022 2401 1166 2467 Laome
1190 2401 1254 2466 lte-

233 2502 390 2596 gr'llerzsr',
416 2504 608 2569 cosa-U.
628 2503 665 2570 C.
685 2503 876 2573 288.-A.
900 2505 938 2571 C.
961 2500 1048 2587 464.
1077 2507 1209 2597 Lycost.

241 2676 518 2753 *Caelumardere
536 2685 659 2772 visum,
678 2699 711 2752 et
728 2709 834 2753 annus
843 2700 912 2753 tam
923 2686 1133 2771 hominibus,
1152 2710 1253 2778 quam

191 2792 304 2884 pecori
321 2788 418 2885 longe
440 2789 503 2858 fuit
524 2788 815 2884 pestilentissimus.
839 2791 936 2884 AEqui
957 2791 1127 2859 Antiatum
1147 2790 1254 2858 susci-

192 2897 318 2988 pientes
339 2895 483 2985 exsules,
506 2910 622 2964 contra
645 2895 768 2965 foedera
789 2921 865 2965 cum
884 2898 1042 2967 Romanis
1064 2895 1170 2982 facta,
1192 2920 1254 2962 ex-

193 3004 361 3071 cursiones
377 3004 410 3070 in
424 3001 618 3070 Latinorum
633 3026 730 3096 agros
746 2988 909 3070 fecerunt·
924 3005 1050 3070 Contra
1068 3008 1152 3094 quos'
1163 3025 1255 3069 anno

194 3111 341 3200 sequenti
364 3109 481 3178 missus
508 3108 549 3196 Q.
571 3106 691 3176 Fabius
709 3107 910 3194 Vibulanus,
937 3108 993 3201 qui
1022 3108 1112 3200 prius
1136 3130 1255 3198 pacem

194 3238 269 3282 cum
285 3215 323 3282 iis
338 3214 474 3301 fecerat,
489 3227 620 3281 strenue
633 3214 801 3306 pugnavit.
814 3215 941 3282 Verum
954 3237 1056 3307 quum
1072 3238 1105 3280 se
1119 3212 1160 3279 ad
1170 3209 1255 3281 Vol·

169 3381 171 3386 .
194 3344 266 3388 scos
284 3321 506 3405 attraxissent,
518 3333 551 3386 et
564 3317 645 3386 fides
659 3321 828 3387 Antiatum
841 3316 1023 3403 laboraret,
1037 3342 1113 3386 cum
1127 3318 1257 3410 ingenti

194 3427 337 3492 exercitu
366 3428 485 3494 iterum
510 3425 543 3491 in
566 3425 793 3492 Romanorum
819 3448 916 3518 agros
942 3410 1121 3516 populandi
1147 3424 1256 3516 gratia

71 3536 74 3543 '
99 3547 102 3555 ’
194 3532 350 3624 ingressi,
367 3554 387 3596 a
407 3530 600 3598 Posthumio
619 3531 696 3597 victi
715 3544 813 3622 atque
832 3529 935 3622 fugati
953 3542 1038 3597 sunt.

193 3719 285 3784 XIV.
301 3716 347 3783 A.
362 3713 559 3782 Posttamto
566 3713 696 3782 Albino
710 3714 902 3806 Regillensi,
923 3715 980 3807 Sp.
996 3715 1102 3781 Furto
1114 3710 1255 3780 Medul-

234 3823 303 3889 lino
310 3823 423 3889 Fusco
430 3872 441 3905 ‚
454 3822 650 3888 cosa—U.
663 3821 700 3885 C.
714 3842 798 3912 290.
807 3820 903 3886 —A.
913 3820 951 3885 C.
962 3816 1048 3903 462.
1078 3820 1212 3910 Lycost.

244 3990 392 4068 *Caelum
413 4000 532 4068 iterum
551 3996 666 4065 ardere
685 3997 791 4064 visum
807 3994 949 4090 plurimo
971 3995 1057 4088 igni,
1080 4005 1254 4089 portentu·
