2684 4830
218 339 262 409 16
614 340 883 408 PRAEFATIO

92 507 96 519 ·
210 475 388 542 Frontinus
406 486 505 541 aetate
524 472 609 558 Titi,
629 495 694 565 qua
717 486 848 558 tamen,
870 485 929 540 aut
940 474 1100 566 'proxime
1122 492 1280 569 sequente

210 580 327 648 vixisse
354 579 602 673 Obsequentem
629 602 763 672 quoque
791 602 860 646 non
886 602 1019 647 necesse
1046 593 1123 649 est:
1153 583 1279 651 nisiex

211 685 286 755 stilo
306 685 376 780 ejus
395 683 519 778 aliquid
537 683 700 777 ejusmodi
717 682 857 753 velimus
874 685 1050 779 augurari,
1072 688 1129 780 qui
1147 688 1278 769 videtur

210 792 416 886 castigatior,
435 814 534 884 quam
556 804 594 858 ut
614 789 748 859 Arcadii
768 790 973 885 temporibus
987 793 1173 862 conveniat.
1189 797 1277 879 Nam

210 897 300 992 quod
314 897 388 966 Joh.
403 896 546 966 lacobus
559 897 681 965 Frisius
697 897 732 963 in
743 894 948 967 Bibliotheca
963 922 1023 966 sua
1040 922 1117 966 eum
1132 901 1276 971 Panaetio

122 1082 129 1097 ἱ
209 1028 248 1073 ac
263 1002 401 1097 Polybio
413 1001 494 1071 facit
506 1001 682 1095 aequalem,
697 1016 731 1070 et
743 1003 861 1072 vixisse
874 1017 971 1096 putat
984 1027 1072 1073 anno
1086 1020 1166 1074 ante
1177 1005 1277 1077 Chri·

210 1124 298 1179 stum
315 1109 540 1178 ducentesimo
555 1123 589 1177 et
601 1107 872 1203 quadragesimo,
891 1108 926 1178 id
944 1133 1010 1203 qua
1029 1110 1072 1178 ab
1089 1135 1130 1180 eo
1148 1110 1275 1180 dictum

210 1214 415 1285 creditamve
436 1215 563 1283 ratione
587 1213 704 1301 fuerit,
724 1213 886 1308 dispicere
907 1240 976 1283 non
996 1241 1150 1310 possum,
1171 1242 1275 1311 quurn

208 1323 279 1417 ipse
294 1321 490 1416 Obsequens
504 1321 645 1416 Augusti
658 1320 814 1407 Caesaris,
837 1321 899 1391 sub
919 1346 985 1415 quo
1004 1321 1157 1392 Christus
1177 1338 1275 1393 notus

210 1442 277 1515 est,
299 1442 333 1496 et
348 1429 451 1496 Drusi
470 1426 568 1495 faciat
585 1427 795 1495 mentionem.
811 1430 916 1495 Porro
935 1428 969 1495 in
984 1427 1192 1497 conficiendo
1208 1430 1274 1498 hoc

209 1532 370 1628 opusculo
389 1533 522 1603 Livium
545 1534 709 1627 praecipue
731 1547 888 1625 sequutus
908 1533 1048 1602 videtur.
1070 1535 1189 1628 Arguit
1208 1535 1274 1606 hoc

209 1640 371 1734 primum,
385 1638 475 1733 quod
495 1638 610 1708 iisdem
624 1663 718 1732 paene
732 1652 847 1708 utatur
861 1639 991 1727 verbis,
1010 1640 1128 1733 quibus
1142 1641 1273 1729 Livius,

208 1761 246 1815 ut
267 1771 308 1815 ex
328 1747 367 1814 iis
388 1759 535 1832 constat,
555 1768 628 1839 quae
642 1745 676 1811 in
691 1745 786 1814 Livio
805 1744 932 1840 reliqua
950 1745 1045 1814 nobis
1062 1762 1273 1831 manserunt,

208 1867 242 1921 et
268 1852 312 1920 ab
339 1851 551 1944 Obsequente
580 1865 828 1939 memorantur;
853 1851 971 1920 deinde
1000 1851 1089 1945 quod
1115 1853 1151 1918 in
1170 1854 1273 1933 Drusi

209 1957 415 2053 temporibus
446 1957 540 2025 finiat
569 1957 773 2025 narrationes
801 1981 895 2043 suas;
925 1956 1013 2024 idern
1044 1958 1130 2023 enim
1158 1959 1273 2037 Livius

209 2089 341 2158 quoque
362 2063 463 2132 facit:
486 2065 619 2132 obstare
640 2076 758 2155 queat,
779 2061 868 2154 quod
891 2085 911 2130 a
932 2062 1028 2130 Livio
1049 2060 1218 2131 dissentiat
1239 2064 1273 2132 in

207 2170 398 2239 nominibus
413 2168 607 2255 consulum,
629 2167 690 2236 sub
712 2167 832 2261 quibus
850 2166 1000 2261 prodigia
1022 2191 1159 2261 quaeque
1184 2171 1271 2238 acci-

208 2276 345 2363 derunt,
361 2274 641 2370 quemadmodum
662 2298 731 2342 uon
751 2271 851 2342 semel
872 2297 892 2341 a
912 2270 1078 2366 Scaligero
1099 2288 1148 2342 est
1166 2298 1270 2344 anno-

206 2397 321 2451 tatum.
345 2385 472 2450 Verum
499 2381 589 2449 hunc
617 2379 800 2449 dissensum
827 2394 909 2474 puto
935 2403 1005 2448 esse
1026 2404 1095 2448 non
1114 2380 1156 2448 ab
1177 2380 1270 2474 ips0,

207 2488 264 2557 sed
283 2486 442 2572 librariis,
463 2487 520 2581 qui
539 2486 683 2555 debitam
700 2483 902 2579 diligentiam
923 2485 1021 2554 ineis
1039 2487 1270 2580 consignandis

206 2619 275 2663 non
288 2593 485 2679 adhibuere,
503 2615 653 2687 saepeque
668 2591 729 2660 sub
743 2591 876 2660 eosdem
890 2589 1091 2678 retulerunt,
1104 2617 1176 2685 quae
1189 2618 1269 2661 con·

206 2701 349 2793 tigerant
366 2698 427 2767 sub
446 2697 593 2766 diversis.
613 2697 676 2767 Cui
698 2697 871 2791 probando
891 2696 1060 2793 suffecerit
1080 2696 1268 2792 exemplum

205 2804 388 2874 istiusmodi
403 2805 523 2872 erroris
540 2803 639 2871 etiam
654 2803 689 2870 in
702 2803 796 2872 editis
809 2804 992 2892 commissi,
1013 2827 1111 2898 quem
1129 2805 1164 2871 in
1182 2806 1269 2874 notis

206 2912 432 2980 indicavimus.
455 2912 539 2978 Sane
556 2933 660 3003 quum
676 2909 712 2976 in
728 2911 965 2979 memoratione
986 2909 1171 2979 istiusmodi
1190 2934 1268 3003 pro·

204 3017 369 3113 digiorurn
392 3017 506 3085 Livius
527 3013 731 3110 peculiarem
747 3015 935 3084 adhibuerit
960 3040 1029 3110 prae
1050 3017 1177 3084 cunctis
1197 3014 1268 3084 aliis

205 3123 420 3218 scriptoribus
441 3120 663 3218 diligentiam,
683 3146 722 3190 ac
740 3122 899 3216 majorem
920 3136 1029 3214 paene,
1043 3145 1143 3215 quam
1164 3122 1268 3191 histo-

167 3304 169 3308 ,
205 3232 275 3299 rico
288 3230 559 3315 convenientem,
576 3242 615 3296 ut
627 3227 777 3296 nonnulli
794 3228 1008 3314 arbitrantur,
1028 3228 1112 3295 ratio
1130 3241 1180 3295 est
1200 3231 1267 3296 evi·

205 3337 306 3424 dens,
335 3360 395 3405 cur
423 3333 626 3428 sequendum
647 3335 755 3429 ipsum
780 3334 842 3402 sibi
865 3333 1095 3427 proposuerit,
1122 3347 1156 3400 et
1179 3334 1267 3403 hanc

205 3457 335 3536 partem
356 3466 396 3509 ex
412 3466 452 3509 eo
472 3443 597 3534 putarit
615 3440 676 3510 sibi
694 3439 945 3534 excerpendam.
962 3442 1014 3508 De
1033 3453 1152 3509 caetero
1169 3463 1266 3533 argu-

204 3563 353 3618 mentum
375 3548 578 3642 paucissimis
600 3561 649 3616 est
671 3561 848 3616 tractatum
871 3558 912 3613 ex
932 3545 1115 3633 veteribus,
1137 3570 1176 3613 ac
1199 3545 1266 3614 for-

204 3671 291 3725 tasse
312 3655 455 3741 nemini,
481 3669 602 3746 praeter
622 3654 730 3746 ipsum
751 3654 932 3738 Nostrum,
947 3676 1117 3746 unumque
1137 3642 1266 3718 Johan-

202 3787 279 3829 nem
307 3760 523 3829 Laurentium
549 3757 858 3856 Philadelphenscm
879 3758 1040 3851 Lydium,
1071 3757 1127 3849 qui
1156 3770 1266 3825 tamen

203 3867 300 3961 longe
329 3881 424 3962 post,
453 3867 627 3962 Justiniani
645 3880 756 3960 ,atque
787 3865 950 3934 Anastasii
978 3862 1201 3957 temporibus,
1233 3878 1266 3931 et

202 3999 308 4069 graece
329 3973 475 4067 scripsit,
500 3986 537 4041 ut
560 3997 600 4041 ex
619 3972 727 4041 Photii
748 3971 821 4042 cod.
842 3994 960 4041 cuxxx
982 3984 1098 4039 notum
1120 3983 1179 4039 est.
1199 3973 1264 4038 Ge-
