2684 4830
197 373 247 455 44
451 368 595 437 tumr
622 368 996 456 exsecuturis

196 515 291 569 terno
309 500 421 589 hoste,
443 513 476 568 et
497 500 618 567 civium
638 499 858 569 seditionibus.
876 505 948 569 Hoc
966 516 1075 570 autem
1094 525 1182 571 anno
1201 502 1255 573 lex
1285 487 1300 511 ⁸

195 603 372 674 Terentilla
390 606 534 673 maximo
549 619 684 690 conatu,
701 605 742 673 de
756 605 950 675 decemviris
965 608 1114 677 creandis
1128 622 1256 678 tentata

196 725 259 794 est,
273 713 486 804 maximaeque
500 709 641 778 subortae
655 712 740 779 inter
755 713 910 806 patricios
928 727 962 780 et
976 712 1119 805 plebeios
1134 713 1257 783 dissen-

196 819 311 886 siones.
343 817 496 885 Proximo
529 830 640 884 autem
670 841 757 885 anno
775 815 913 885 exsules
943 820 1070 886 romani
1101 843 1139 886 00
1167 822 1256 888 servi

194 946 334 990 numero
354 924 456 1006 4000
479 921 562 990 duce
579 923 688 1017 Appio
707 922 876 991 Herdonio
896 923 1036 1011 Sabino,
1054 923 1256 1019 Capitolium

136 1081 138 1084 Α
195 1042 418 1122 occuparunt,
436 1026 523 1096 unde
541 1052 610 1096 non
631 1028 754 1121 absque
776 1052 895 1122 magna
914 1030 1035 1097 civium
1050 1044 1159 1124 strage
1178 1045 1258 1098 sunt

196 1131 331 1228 expulsi.

180 1345 307 1426 XVII.
334 1346 374 1412 L.
398 1347 546 1412 Mt'ruttt'o
576 1342 721 1414 Carbeto
733 1396 744 1429 ,
782 1346 816 1414 C.
840 1346 973 1413 Nautio
996 1346 1142 1431 autito,
1168 1370 1256 1415 coss.

109 1472 122 1480 “
286 1513 290 1523 ,
381 1451 481 1518 —U.
502 1446 806 1543 C.296.-A.C.
828 1445 912 1534 456.
941 1453 1072 1543 Lycost.

250 1652 265 1683 ⁴*
278 1660 365 1756 Lupi
376 1661 409 1728 in
422 1659 585 1755 Capitolio
595 1660 667 1747 visi,
682 1661 738 1753 qui
754 1684 774 1728 a
789 1660 924 1728 canibus
940 1659 1043 1755 fugati
1054 1675 1139 1729 sunt.
1155 1662 1262 1755 Cujus

198 1767 340 1862 prodigii
368 1791 467 1835 causa
491 1781 596 1834 totum
621 1764 830 1859 -Capitolium
859 1781 909 1835 est
934 1764 1117 1834 lustratum.
1143 1769 1262 1861 AEqui‚

199 1873 317 1967 quihus
353 1873 520 1964 superiore
550 1895 637 1939 anno
662 1895 727 1964 pax
755 1871 831 1940 data
858 1886 947 1958 erat,
975 1871 1082 1940 fracto
1108 1871 1261 1962 foedere,

201 1979 284 2046 duce
317 1977 471 2047 Graccho
503 1976 632 2046 Choelio
659 1975 795 2045 latinum
827 2000 942 2071 agrum
978 2001 1016 2045 ac
1049 1975 1262 2047 tusculanum

200 2083 366 2178 populati,
380 2083 415 2150 in
429 2081 546 2176 Algido
562 2097 669 2164 castra
682 2081 850 2151 locarunt:
871 2097 986 2151 contra
1004 2107 1086 2175 quos
1104 2085 1142 2151 L.
1157 2085 1264 2151 Minu-

201 2191 265 2257 tius
286 2188 471 2283 profectus,
492 2187 664 2258 infeliciter
683 2180 718 2256 iri
740 2189 853 2257 castris
875 2188 1043 2272 obsessus,
1067 2213 1105 2255 ac
1124 2189 1264 2258 demum

201 2319 222 2362 a
249 2296 387 2383 Quintio
415 2294 612 2362 Cincinnato
638 2294 793 2362 liberatus
819 2308 877 2363 est.
901 2295 999 2388 AEqui
1018 2294 1117 2382 victi,
1141 2319 1182 2363 ac
1200 2295 1264 2364 suh

199 2401 319 2494 jugum
338 2401 428 2468 missi
447 2413 533 2468 sunt.

203 2615 330 2684 XVIII.
345 2616 382 2680 L.
395 2615 432 2679 V
428 2613 473 2679 al.
482 2616 610 2698 Ροῑὶῐο,
620 2614 669 2679 Μ.
682 2614 719 2678 V
715 2613 834 2695 aleno,
848 2614 897 2679 M.
914 2614 1019 2680 Furto
1030 2611 1189 2696 Camillo,
1199 2627 1265 2681 etc.

230 2713 993 2812 0000001.0000.[)οί.-Ι].(].357.-Α.Ο.
1007 2714 1099 2811 395⁷
1109 2719 1241 2810 Lycost.

258 2921 389 2996 *Lacus
412 2928 446 2993 in
468 2924 587 2992 albano
607 2947 742 2992 nemore
769 2924 837 2991 sine
853 2921 926 2992 ullis
954 2923 1268 3018 caelestibus-aquis,

208 3059 347 3103 causave
363 3031 442 3116 alia,
464 3055 537 3123 quae
554 3055 623 3097 rem
642 3028 800 3096 miraculo
818 3030 990 3115 eximeret,
1012 3031 1045 3096 in
1060 3029 1268 3098 altitudinem

207 3139 371 3209 insolitam
396 3138 507 3205 crevit.
535 3136 648 3223 Quum
678 3150 788 3202 autem
808 3135 849 3202 ab
871 3134 1004 3203 oraculo
1028 3136 1268 3225 sciscitaretur,

209 3246 288 3339 quid
306 3269 344 3312 ea
362 3268 413 3311 res
431 3238 662 3336 portenderet?
681 3264 874 3334 responsum
897 3255 968 3324 est,
991 3255 1028 3307 ut
1053 3264 1171 3333 aquam
1196 3241 1269 3334 ejus

208 3350 298 3420 lacus
327 3349 477 3417 emissam
505 3350 569 3439 per'
584 3370 680 3439 agros
703 3345 942 3429 diffunderent3
967 3347 1013 3414 sic
1035 3347 1122 3413 enirn
1146 3347 1270 3433 Veios3

210 3482 293 3550 quos
311 3456 381 3524 acri
398 3478 436 3522 ac
458 3452 584 3521 diutino
599 3450 684 3519 bello
698 3451 878 3539 vexabant,
894 3453 928 3518 in
944 3465 1140 3545 potestatem
1154 3451 1271 3545 populi

209 3562 338 3631 romani
365 3573 532 3629 venturos.
568 3556 668 3646 Quod
693 3557 749 3624 uhi
777 3558 901 3625 factum
929 3572 993 3643 est,
1016 3557 1159 3625 hostium
1186 3557 1272 3626 urbe

210 3669 306 3762 potiti
321 3680 405 3735 sunt.
421 3664 669 3757 Tarquinienses
689 3665 767 3731 novi
781 3663 892 3731 hostes
909 3663 1027 3748 exorti,
1041 3665 1273 3731 Romanorum

212 3798 326 3868 agros,
350 3796 433 3865 quos
459 3768 567 3838 multis
589 3767 686 3837 simul
708 3767 822 3854 bellis,
847 3767 1045 3837 Volscorum
1071 3767 1113 3835 ad
1138 3770 1293 3856 Anxur,-

166 3898 169 3903 ·
211 3880 393 3972 AEquorum
406 3877 448 3944 ad
462 3876 617 3963 Lavicos‚
631 3888 664 3942 et
682 3874 801 3942 adhoc
816 3876 948 3944 Veienti
963 3898 1110 3967 quoque,
1127 3868 1276 3962 Faliscoj

213 3985 437 4079 Capenatique
459 3980 545 4050 hello
566 3995 743 4075 occupatos
763 3980 940 4066 videbant,
962 3977 1280 4074 depopulabanturt
