2684 4830
149 358 1221 391 msmmwssmmfflmnmfflmmmm

170 394 175 404 ι

246 610 729 735 PRAEFATIO
776 611 1125 739 KAPPIL

598 896 786 923 ——OOOm—

152 1046 303 1162 chnr
321 1115 448 1159 morem
465 1115 582 1160 eorum
600 1088 691 1158 haud
701 1087 903 1184 improbem,
920 1094 994 1186 qui,
1007 1119 1110 1187 quum
1126 1115 1217 1170 vete·

150 1223 221 1265 rem
237 1195 378 1290 aliquem
394 1198 589 1292 scriptorem
606 1196 640 1264 in
656 1194 763 1265 lucem
779 1195 901 1284 edunt,
919 1198 954 1266 in
970 1199 1162 1294 praefatione
1175 1207 1217 1277 de

149 1302 249 1371 rebus
267 1303 310 1371 ad
327 1328 404 1371 eum
420 1302 661 1398 pertinentibus
680 1301 784 1370 fusius
804 1301 990 1398 disputant;
1009 1330 1072 1400 ego
1088 1323 1215 1402 tamen,

147 1407 270 1477 Julium
294 1406 542 1502 Obsequentem
564 1407 730 1495 editurus,
755 1405 798 1475 ab
819 1433 857 1477 ea
881 1413 1118 1484 consuetudine
1139 1419 1216 1511 jure

148 1514 292 1608 quodam
315 1515 470 1584 recedere
489 1539 587 1610 posse
608 1513 690 1582 mihi
715 1514 839 1582 videor.
866 1517 955 1585 Nam
977 1531 1015 1585 ut
1036 1520 1139 1590 Gerh.
1162 1529 1213 1594 J0.

146 1622 305 1689 Vossium
318 1621 360 1690 de
371 1622 543 1691 Historicis
552 1619 676 1704 latinis,
688 1622 707 1688 J
708 1645 737 1688 o.
751 1619 825 1687 Alb.
842 1621 1029 1692 Fabricium
1044 1626 1078 1693 in
1091 1628 1213 1700 Biblio-

146 1727 245 1796 theca
258 1725 374 1816 latina,
388 1730 475 1796 Petr.
490 1725 640 1821 Baylium
658 1727 693 1794 in
711 1727 834 1794 Lexico
852 1727 1010 1797 historico
1029 1745 1063 1798 et
1083 1735 1213 1827 critico,

144 1835 174 1900 J.
202 1835 244 1903 N.
274 1835 457 1902 Funccium
485 1832 527 1902 de
556 1835 684 1927 Vegeta
712 1831 832 1926 linguae
869 1831 979 1903 latina>
1012 1836 1212 1933 Senectute,

135 1940 270 2033 ‘Georp
293 1939 418 2008 Christ.
443 1937 707 2033 Hambergerum
735 1939 771 2005 in
793 1939 939 2008 Historia
960 1942 1075 2012 critica
1097 1962 1211 2017 aucto·

144 2068 221 2112 rum
253 2045 487 2130 classicorum,
518 2043 665 2139 aliosque
698 2043 810 2139 plures
842 2043 971 2115 silentio
995 2063 1211 2145 preteream,

143 2149 336 2221 Schellerus
356 2166 390 2220 et
405 2151 663 2246 Oudendorpius
687 2152 721 2218 in
741 2149 990 2245 praefationibus
1014 2154 1209 2232 doctissimis

142 2255 227 2325 adeo
241 2256 414 2353 diligenter
431 2257 472 2326 de
489 2257 577 2327 Julio
592 2257 806 2350 Obsequente
822 2257 957 2352 ejusque
977 2258 1061 2330 libro
1076 2263 1117 2332 de
1131 2268 1209 2337 Pro-

141 2361 239 2456 digiis
265 2379 419 2458 egerunt,
444 2377 481 2430 ut
502 2361 584 2432 nihil
610 2362 678 2431 fere
699 2363 733 2429 in
757 2362 904 2431 medium
925 2365 1066 2458 proferri
1084 2374 1207 2463 possit,

141 2468 232 2561 quod
253 2495 321 2537 non
340 2469 382 2536 ab
404 2470 458 2537 his
479 2467 665 2537 duumviris
693 2467 879 2537 clarissimis
901 2470 1205 2573 jamlobservatum

140 2589 229 2643 esset
244 2599 283 2643 ac
301 2574 435 2643 dictum.
451 2575 558 2668 Igitur
568 2573 691 2668 justam
710 2574 845 2643 omnino
862 2574 1011 2644 virorum
1029 2579 1205 2654 doctorum

141 2681 432 2774 reprehensionem
457 2681 679 2767 incurrerem,
716 2681 743 2748 si
767 2677 900 2749 illorum
930 2683 1048 2752 scrinia
1074 2693 1204 2785 compi-

139 2783 227 2874 lare,
254 2801 286 2856 et
311 2784 489 2856 lectoribus
511 2811 595 2854 onus
617 2786 788 2881 injungere
812 2785 952 2874 vellem,
975 2813 1015 2857 ea
1035 2791 1100 2861 hoc
1129 2794 1203 2868 loco

138 2892 259 2960 iterum
282 2891 428 2986 legendi,
449 2917 522 2985 quae
547 2915 567 2959 a
586 2890 725 2960 laudatis
745 2893 824 2960 viris
847 2891 889 2961 de
911 2894 1123 2987 Obsequente
1146 2928 1201 2973 co·

137 2999 231 3092 piose
246 2997 338 3066 fuere
352 2998 526 3093 disputata.
545 2999 658 3086 Quare
676 3023 751 3084 eos,
766 3023 908 3091 quorum
934 3000 1069 3070 interest
1095 3005 1202 3079 histo·

138 3104 222 3172 riam
243 3102 321 3173 Julii
338 3104 559 3197 Obsequentis
578 3105 763 3174 accuratius
786 3129 901 3192 nosse,
919 3104 962 3173 ad
984 3107 1145 3181 Schefferi
1167 3133 1201 3186 et

137 3209 368 3306 Oudendorpii
389 3211 597 3305 praefationes
615 3209 768 3304 ablegare
789 3235 934 3303 possum.
962 3213 1079 3306 Neque
1100 3221 1199 3290 etiam

136 3330 214 3410 post
239 3316 535 3411 Oudendorpium,
561 3330 721 3409 quantum
750 3315 884 3409 quidem
911 3318 997 3406 scio,
1019 3321 1199 3416 quidquam

135 3422 350 3492 observatum
372 3437 423 3492 est
440 3423 519 3491 viris
541 3421 663 3509 doctis,
684 3421 774 3516 quod
800 3424 958 3516 majorem
980 3424 1088 3496 lucem
1111 3431 1198 3503 Julio

136 3529 341 3622 Obsequenti
364 3529 509 3597 afferret.
538 3531 623 3595 Nam
650 3527 739 3622 quod
762 3529 796 3595 in
820 3529 916 3597 titulo
942 3531 1091 3603 editionis
1115 3541 1197 3607 Jun-

135 3634 229 3704 tinae¹
248 3633 434 3730 appellatur
452 3638 572 3704 lunius
593 3634 800 3728 obsequens,
825 3635 894 3702 sine
913 3634 1014 3706 dubio
1036 3655 1086 3708 est
1104 3669 1197 3715 error

178 3863 202 3896 r.
215 3846 256 3896 En
268 3848 343 3914 ipsum
357 3845 468 3896 titulum:
481 3845 512 3897 C.
528 3843 609 3896 Plinii
622 3843 721 3897 Caecilii
732 3842 847 3896 Secundi
859 3844 1066 3901 Novocomensis
1079 3853 1196 3923 epistolae

130 3924 274 3989 omnium,
291 3943 350 3995 qum
367 3924 493 3976 hactenus
512 3922 636 3993 prodiere
655 3924 851 3994 purgatissimae.
875 3923 999 3994 Ejusdem
1018 3927 1195 4002 Panegyricus

130 4005 248 4073 Trajano
261 4001 356 4056 dietus.
371 4002 496 4072 Ejusdem
512 4002 545 4055 de
560 4002 624 4055 viris
638 4003 783 4056 illustribus
797 4004 824 4055 in
838 4022 867 4055 re
883 4004 1007 4070 militari,
1025 4020 1050 4060 et
1066 4010 1094 4062 in
1110 4011 1195 4066 admi.

185 4115 256 4179 III.
993 4139 1005 4181 1
