2670 4830
366 114 497 182 JOAN
505 113 547 182 N.
579 114 882 182 SCHEFFERI.
1115 120 1158 191 15

84 251 248 319 invenias.
267 247 516 340 obsequentius
529 260 580 314 est
594 245 683 339 apud
697 248 879 316 Gruterum
894 248 928 314 in
941 249 1160 346 Inscriptione

85 356 214 441 veteri,
235 379 311 449 pag.
331 355 426 439 444,
446 352 573 446 integre
591 354 634 440 Q.
651 354 924 433 Ossa-:Qunurrus
944 357 1159 448 Suvanmns,

86 460 146 532 sed
162 463 191 531 is
208 459 255 530 nil
270 460 314 528 ad
324 459 573 553 Obsequentem
588 472 749 528 nostrum.
765 461 914 528 Fuerunt
930 460 1161 557 Obsequentes

87 569 202 663 potius
231 566 274 635 de
302 590 423 660 genere
451 562 592 634 militum
626 562 679 634 vel
710 563 885 633 satellitum
917 569 1159 664 principalium.

91 674 271 768 Obsequia
283 672 435 767 profecto
446 696 508 765 pro
520 659 726 740 satellitibus
736 687 919 741 occurrunt
932 675 1021 768 apud
1033 693 1161 751 veteres

89 805 161 850 non
188 777 298 849 semel.
314 777 399 847 Vide
418 775 643 871 Capitolinum
665 779 700 845 in
721 779 909 866 Pertinace,
930 804 1001 874 cap.
1029 780 1068 868 3,
1097 784 1160 855 ibi.

90 910 158 981 que
176 885 421 956 casaubonum.
445 887 554 953 Immo
571 883 736 979 obsequia
758 885 866 977 posita
887 910 949 980 pro
966 893 1160 963 mim'sterizs

89 1007 127 1061 et
142 995 288 1062 servitus
304 989 526 1086 quibuslibet,
541 1004 580 1058 ut
595 989 738 1058 ostendit
752 988 927 1085 Salmasius
946 992 988 1061 ad
1003 995 1160 1070 Pollionis

90 1097 290 1182 Claudium,
306 1121 378 1191 cap.
398 1099 455 1181 14.
470 1095 571 1167 Unde
586 1120 719 1189 quoque
735 1095 847 1165 forsan
859 1096 985 1166 factum
996 1152 1006 1183 ,
1019 1117 1057 1170 ut
1067 1107 1160 1174 Mar·

90 1228 152 1273 cus
174 1204 355 1297 imperator
377 1200 592 1297 gladiatores,
613 1226 697 1295 quos
715 1226 776 1296 per
795 1205 1023 1274 necessitatem
1045 1233 1157 1280 arma-

90 1322 208 1397 verat,
225 1323 362 1378 vocaret
382 1307 630 1402 Obsequentes,
652 1310 736 1377 sicut
757 1306 896 1401 legimus
915 1312 1004 1404 apud
1023 1317 1159 1411 Capito·

91 1413 198 1483 linum
218 1415 254 1483 in
271 1416 372 1510 ipsius
382 1415 467 1502 vita,
481 1415 662 1508 capiteor,
683 1413 774 1507 quod
793 1416 950 1483 nimirum
973 1423 1060 1488 servi
1080 1422 1158 1494 fuis.

93 1536 186 1607 sent,
204 1544 245 1590 ac
265 1520 421 1614 deinceps
438 1518 609 1589 militaturi
626 1535 736 1589 essent
755 1521 789 1586 in
807 1520 970 1615 obsequiis
990 1527 1159 1625 principis.

92 1628 186 1698 Num
203 1650 247 1695 ex
263 1626 384 1695 horum
402 1650 541 1695 numero
560 1625 660 1695 fuerit
680 1639 715 1694 et
723 1628 860 1714 Noster,
882 1643 939 1697 aut
959 1630 1003 1699 ob
1023 1656 1157 1707 causam

11 1800 14 1821 ἱ
95 1732 192 1803 aliam
215 1732 283 1801 hoc
306 1757 429 1801 nomen
454 1734 496 1802 sit
518 1732 677 1826 adeptus,
701 1732 766 1801 diei
785 1730 908 1826 liquido
929 1735 1020 1806 haud
1038 1757 1157 1834 potest.

96 1836 304 1935 Opusculum
321 1838 387 1908 hoc
405 1841 565 1934 scriptum
582 1863 652 1907 esse
669 1840 843 1906 minimum
861 1856 938 1910 ante
956 1844 1066 1915 Orosii
1081 1864 1158 1919 aeta·

23 1944 37 2013 ’.
98 1956 180 2033 tem,
197 1943 236 2014 id
259 1958 310 2014 est
330 1944 465 2013 Arcadii
485 1959 520 2012 et
538 1945 677 2013 Honorii
699 1959 869 2038 tempora,
888 1949 1027 2019 Vossius
1048 1957 1158 2026 existi·

34 2068 40 2079 ·
93 2066 186 2138 rnat3
208 2074 276 2144 quo
297 2063 407 2119 autem
428 2065 647 2145 argumento,
674 2050 819 2119 indicare
839 2053 957 2122 omisit.
980 2059 1021 2124 In
1042 2061 1159 2132 eadem

91 2171 144 2227 cst
153 2157 319 2227 sententia
332 2171 366 2225 et
375 2157 576 2226 Bochartus:
590 2157 635 2224 ita
650 2180 793 2249 namque
807 2157 908 2226 habet
921 2157 1035 2250 lib.1v,
1049 2169 1157 2239 Anim.

81 2283 168 2359 cap.
186 2256 209 2332 5
225 2262 352 2354 :Quod
351 2277 441 2358 post
448 2264 574 2331 Julium
590 2262 837 2355 Obsequentem
848 2279 885 2331 et
897 2266 986 2334 alus
997 2280 1160 2343 uectatio-

75 2388 161 2457 res,
184 2365 337 2454 referunt
357 2370 584 2463 Augustinus,
604 2371 756 2454 Orosius,
777 2371 997 2466 Freculplrus.
1016 2377 1161 2474 Scaliger

69 2491 127 2547 et
139 2475 348 2568 Hieronymo
360 2477 574 2543 vetustiorem
587 2473 665 2543 facit
675 2475 825 2576 ,quippe
839 2500 938 2568 quem
956 2486 1160 2559 narrationes

67 2581 320 2674 Obsequentis
330 2579 419 2649 dicat
434 2605 504 2649 esse
521 2580 826 2673 sequutumVerba
837 2581 906 2674 ejus
920 2589 1050 2656 suntad
1065 2615 1157 2662 num.

62 2678 221 2757 Euseh.
238 2708 515 2756 uncccnxxxvrz
533 2688 643 2755 Julius
665 2684 861 2780 Obsequeus
883 2689 1011 2780 rafiam,
1032 2698 1159 2768 Asz’am

59 2794 220 2864 Attali
229 2807 433 2861 testamento
449 2794 601 2886 legatam
612 2792 731 2888 Appio
743 2792 899 2880 Claudii),
916 2800 1160 2896 M.Perpeuua

63 2898 445 2984 <nemausensem
462 2920 734 2986 mcccuxxxvl,
751 2899 848 2992 quod
853 2900 988 2971 videtur
996 2928 1158 3001 sequutus

63 3007 335 3098 Hieronymus.
357 3005 494 3098 Scripsit
514 3006 576 3073 ista
594 3006 815 3098 Hieronymus
830 3005 980 3079 Valentis
996 3021 1158 3110 tempori-

68 3102 178 3197 lius,
192 3111 250 3205 qui
261 3111 344 3179 obiit
359 3134 447 3179 anno
462 3132 634 3180 ccccxxix
648 3125 724 3204 post
737 3111 907 3181 Christum
922 3132 1054 3208 natum,
1069 3129 1159 3216 qnod

75 3230 185 3285 esset
207 3217 301 3285 annis
320 3217 495 3285 minimum
514 3217 649 3311 triginta
669 3231 746 3286 ante
768 3220 879 3288 Orosii
900 3237 1038 3292 aetatem.
1061 3229 1162 3304 Plura

80 3323 284 3391 certiorave
305 3323 482 3391 observare
502 3323 545 3392 de
565 3337 660 3391 aetate
674 3324 789 3392 Nostri
809 3350 878 3392 non
899 3330 1075 3420 recordor3
1097 3341 1159 3409 nisi

88 3426 191 3518 quod
203 3427 392 3497 Bonifacius
412 3429 576 3497 imitatum
598 3429 687 3498 dicat
703 3430 896 3498 Frontinum
912 3458 919 3498 :
935 3437 1059 3508 Julium
1074 3469 1161 3536 quo.

96 3554 169 3621 que
179 3533 435 3629 Obsequentem,
448 3535 494 3603 ait
504 3536 539 3602 in
547 3533 632 3603 libro
639 3535 680 3604 de
687 3536 846 3603 Romanae
854 3539 1006 3609 Historiae
1013 3547 1158 3645 Scripto-

104 3634 212 3723 ribus,
233 3656 398 3736 putamen
416 3663 462 3710 ex
478 3643 640 3710 Froutmi
655 3645 845 3711 limitatione
856 3644 1041 3740 prodiga,
1064 3682 1160 3749 qm.

120 3760 233 3835 curaque
245 3753 393 3843 sparsam
410 3747 634 3833 habebantur,
658 3754 809 3815 inimum
827 3751 1012 3843 collegisse.
1035 3759 1161 3835 Floruit
