2684 4830
344 322 359 397 ἶ
432 361 954 433 maurecenorum
1175 395 1217 466 17

152 517 235 562 nere
255 492 415 562 orationis
434 496 540 563 utitur
558 491 661 563 latino
684 493 879 589 proboque,
907 495 998 589 quod
1021 497 1091 590 jam
1120 526 1221 598 supra

120 652 123 658 .
152 599 352 686 innuebam,
369 614 409 668 ut
425 601 453 669 si
465 599 499 668 id
514 599 682 689 attendas,
701 615 752 670 sat
768 615 935 671 vetustum
953 605 1058 698 possis
1075 609 1219 681 credere.

135 706 244 795 ,Quia
258 720 372 774 tamen
388 704 544 800 pleraque
559 708 738 801 sumpsisse
751 732 792 775 ex
804 709 901 777 Livio
914 708 1057 797 videtur,
1069 713 1142 782 haec
1151 717 1221 787 sola

151 828 267 882 manet
285 812 497 907 manebitque
515 813 718 907 conjectura,
739 810 830 881 nulla
848 814 1045 885 certitudine
1063 820 1219 893 subnixa:

127 905 356 1013 quamquam
378 918 422 987 ob
450 920 516 990 hoc
543 921 672 1014 ipsum,
699 918 790 1014 quod
812 944 852 988 ex
872 922 968 990 Livio
989 922 1137 995 hausisse
1159 955 1220 999 sua

134 1066 137 1071 ·
150 1024 317 1113 videatur,
332 1025 450 1094 debeat
463 1050 533 1095 esse
544 1024 834 1113 commendabilis;
848 1029 972 1122 quippe
983 1029 1040 1122 qui
1053 1029 1219 1105 defectum

148 1131 223 1224 ejus
241 1132 323 1202 istac
344 1132 460 1202 saltem
482 1145 577 1227 parte
597 1134 701 1226 possit
717 1131 891 1227 supplere,
912 1133 1219 1233 locutionibusque,

149 1238 273 1331 quibus
290 1240 404 1327 utitur,
422 1237 598 1308 conciliare
616 1238 694 1307 hinc
710 1241 952 1308 auctoritatem.
968 1243 1130 1338 Corrupit
1142 1271 1219 1317 eurn

149 1358 265 1413 tamen
285 1348 528 1441 exscriptorum
549 1345 739 1429 oscitantia,
760 1344 851 1438 quod
871 1370 911 1414 ex
931 1345 1072 1436 Aldina,
1092 1365 1126 1419 et
1146 1378 1219 1446 quae

148 1474 225 1520 eam
254 1453 423 1546 sequitur,
451 1452 722 1546 Argentoratensi
750 1450 894 1520 editione
921 1452 1016 1521 facile
1042 1455 1217 1551 colligitur.

148 1558 234 1626 Mox
253 1560 390 1627 accessit
407 1571 646 1653 praeposterum
665 1556 862 1626 emendandi
881 1558 1046 1648 studium,
1066 1564 1115 1630 uti
1133 1590 1218 1634 conn

147 1677 216 1731 stat
250 1689 291 1733 ex
321 1663 519 1734 editionibus
550 1662 767 1732 Basileensem
799 1664 1017 1758 Lycostlrenis
1050 1673 1217 1763 sequutis,

147 1770 239 1839 unde
252 1771 369 1839 vitium
387 1771 422 1839 id
437 1769 522 1839 forte
536 1769 737 1862 Lycostheni
751 1795 820 1837 non
837 1795 956 1865 parum
973 1773 1214 1868 imputandum.

146 1879 220 1948 Nos
235 1878 359 1947 idcirco
373 1876 524 1945 dedimus
539 1899 695 1970 operam,
714 1889 752 1944 ut
767 1879 895 1945 auctori
914 1902 973 1946 sua
988 1879 1216 1973 redderentur,

146 1984 261 2078 isque,
288 1997 450 2077 quantum
477 1981 570 2051 licuit
594 2005 655 2076 per
676 1981 883 2074 conjecturas
909 1998 1058 2073 nostras,
1085 1991 1216 2060 sanitati

146 2087 763 2183 restituereturpristinaeNamcodices
771 2093 1015 2186 manuscriptos
1025 2111 1215 2188 exspectare

146 2194 272 2265 frustra
288 2195 405 2281 fiterit,
423 2196 500 2289 quia
516 2207 645 2262 exstare
661 2194 814 2262 videntur
827 2194 922 2284 nulli,
940 2213 1060 2292 praeter
1078 2203 1213 2273 unicum

144 2301 289 2371 Jocundi
307 2301 528 2388 Veronensis,
553 2325 652 2394 quem
675 2302 804 2395 accepit
824 2300 947 2387 Aldus,
969 2318 1002 2371 et
1023 2307 1057 2373 in
1079 2332 1138 2376 sua
1159 2335 1212 2378 se-

145 2421 270 2503 quutus
282 2423 333 2477 est
345 2408 498 2477 editione.
515 2409 627 2501 Caput
639 2431 770 2500 quoque
784 2410 1001 2478 centesimum
1016 2413 1212 2506 vigesimum

145 2529 181 2583 et
198 2517 353 2600 tertium,
372 2513 463 2608 quod
479 2514 645 2607 integrum
664 2513 698 2578 in
716 2511 800 2580 libro
818 2529 933 2583 nostro
953 2514 1213 2610 desiderabatur,

144 2645 223 2691 cum
240 2619 429 2689 nominibus
449 2618 643 2704 consulum,
661 2642 700 2685 ex
718 2617 860 2687 editione
876 2622 1144 2714 Argentoratensi
1164 2630 1213 2696 in·

145 2728 328 2814 seruimus;
357 2726 507 2819 sequenti
536 2725 636 2793 etiam
665 2749 742 2792 suos
771 2749 811 2792 ex
837 2726 952 2794 eadem
978 2728 1211 2826 adscripsimus

144 2831 315 2919 consules,
336 2833 457 2901 omisso
475 2845 587 2898 tamen
611 2830 669 2923 qui
691 2829 861 2900 addendus
885 2831 931 2900 illi
956 2849 1027 2902 erat
1050 2861 1211 2928 numero,

143 2965 188 3008 ne
215 2941 250 3008 in
276 2941 315 3008 iis
344 2939 486 3007 oriretur
511 2936 629 3020 turba,
655 2937 683 3003 si
708 2961 865 3005 numerus
890 2953 1004 3006 noster
1030 2964 1050 3008 a
1076 2960 1211 3039 recepto

143 3047 259 3115 abiret.
290 3044 485 3113 Addidimus
514 3057 548 3110 et
567 3040 741 3129 Iudicem,
770 3042 828 3110 sed
853 3068 968 3112 eorum
1001 3045 1210 3120 solummodo

143 3177 218 3248 quae
235 3165 351 3220 revera
366 3149 588 3243 Obsequentis
606 3162 705 3216 sunt:
725 3150 998 3241 Lycosthenianis
1017 3177 1113 3222 suum
1133 3158 1210 3225 sub-

138 3258 281 3352 jecimus
300 3256 421 3324 infine.
440 3257 554 3324 Annos
572 3279 704 3349 quoque
722 3254 826 3324 Urbis
845 3258 1005 3345 conditae,
1021 3284 1104 3353 quos
1122 3287 1210 3331 mar-

143 3365 213 3460 gini
230 3363 457 3458 Lycosthenes
476 3361 712 3455 adscripscrat,
733 3359 936 3454 negleximus
954 3363 1114 3458 adjicere,
1134 3370 1211 3461 quia

142 3469 271 3540 calculo
293 3467 432 3538 aliorum
453 3492 572 3562 pamm
590 3466 786 3535 videbantur
804 3472 992 3538 convenire.
1017 3473 1126 3566 Atque
1148 3478 1211 3544 ista

141 3576 278 3672 quidem
292 3599 332 3644 eo
347 3573 501 3644 libentius
515 3573 558 3641 ad
569 3574 765 3667 scriptorem
780 3574 870 3642 hunc
884 3576 1102 3666 contulimus,
1120 3582 1210 3673 quod

93 3710 106 3741 s
140 3683 360 3752 Laurentium
371 3682 582 3775 Pignorium,
600 3704 756 3773 magnum
770 3682 895 3766 virum,
911 3681 1027 3751 similia
1041 3686 1210 3777 quondam

138 3790 177 3858 in
193 3789 303 3858 animo
318 3787 473 3856 habuisse
488 3785 685 3854 videremus.
704 3789 757 3854 Ita
771 3810 914 3879 namque
929 3805 1093 3858 memorat
1110 3792 1151 3860 de
1169 3819 1209 3862 eo

137 3893 515 3964 BalthasarBonifacius
533 3892 590 3960 ubi
609 3892 650 3960 de
664 3893 823 3961 Frontino
839 3894 915 3986 agit.
936 3894 1058 3962 Scribit
1076 3899 1208 3989 quidem

195 4031 265 4096 III.
1000 4053 1019 4094 2
