2684 4830
133 384 183 463 40
392 378 535 445 suun
562 376 937 463 onsuouunrls

57 584 59 588 μ
132 524 243 578 menta
256 511 408 602 aperiret,
422 521 522 602 caput
534 507 676 575 hominis
688 508 815 601 integra
829 507 928 595 facie,
943 509 1066 576 recenti
1080 524 1194 579 tamen

134 617 212 683 tabo
233 630 265 683 et
284 615 441 708 sauguine
462 637 651 706 aspersum,
673 614 708 679 in
729 614 795 681 imo
816 627 983 707 repertum
1006 629 1065 683 est.
1086 616 1193 708 Cujus

132 720 273 814 prodigii
291 722 395 813 gratia
410 720 574 811 aruspices
591 719 802 812 interrogati,
819 718 1081 812 responderunt,
1099 721 1193 805 hunc

131 824 242 895 locum
277 850 346 892 non
375 824 502 919 imperii
532 838 661 892 tantum
689 826 842 912 romani,
872 824 930 893 sed
960 827 1060 894 totius
1091 829 1193 895 etiam
1221 818 1225 825 ¹

131 930 247 1000 mundi
266 945 368 1024 caput
388 929 467 998 fore.

132 1090 195 1155 VI.
214 1090 329 1157 Servio
343 1089 452 1156 Tullio
463 1089 752 1181 regnante-U.
772 1091 810 1157 C.
836 1090 1024 1183 199.-A.
1049 1090 1088 1158 C.
1107 1086 1192 1161 553.

597 1195 728 1288 Lycost.

185 1343 271 1419 *Bos
281 1352 314 1418 in
323 1351 468 1437 Sabinis,
483 1351 642 1418 Androno
656 1351 791 1420 Coratio
805 1352 942 1437 Latino,
961 1350 1112 1419 miranda
1126 1376 1195 1420 ma·

134 1456 304 1550 gnitudine
323 1481 361 1524 ac
376 1457 483 1549 speeie
497 1470 574 1523 nata
588 1470 655 1524 est:
677 1456 771 1548 cujus
789 1457 894 1550 gratia
910 1481 1012 1549 quum
1026 1460 1195 1551 aruspices

133 1565 430 1656 interrogarentur,
451 1586 644 1656 responsum
666 1575 732 1649 est,
754 1585 829 1628 eum
851 1561 1012 1656 populum
1030 1587 1195 1631 summam

134 1669 262 1760 imperii
292 1667 503 1754 habiturum,
530 1667 704 1761 qui¹prius
728 1666 848 1735 bovem
871 1666 960 1735 illam
982 1665 1193 1737 immolasset.

134 1775 274 1841 Latinus
288 1774 386 1866 igitur
401 1772 520 1841 bovem
534 1774 568 1839 in
580 1774 780 1841 Aventinum
795 1774 879 1867 egit,
890 1787 924 1841 et
939 1797 1071 1841 causam
1081 1797 1196 1844 sacer-

134 1877 204 1946 doti
221 1902 358 1945 romano
377 1879 536 1972 exposuit.
557 1876 617 1946 Ille
636 1903 715 1946 vero
736 1892 863 1946 astutus
884 1878 982 1963 dixit,
1004 1880 1096 1973 prius
1117 1905 1195 1948 eum

135 1985 211 2052 vivo
229 1983 364 2051 llumine
383 2008 500 2052 manus
516 2008 657 2077 purgare
680 1983 807 2051 debere.
828 1985 873 2050 At
893 1985 1030 2052 Latinus
1051 1984 1132 2070 dum
1153 1985 1197 2054 ad

134 2090 270 2181 Tyberis
291 2088 477 2182 profluente
499 2088 683 2173 descendit,
703 2090 873 2158 Romanus
895 2089 951 2158 illo
973 2091 1109 2159 absente
1130 2091 1197 2159 bo·

135 2218 212 2262 vem
232 2193 432 2278 immolavit;
454 2209 488 2262 et
505 2195 551 2263 sic
571 2195 744 2287 imperium
768 2195 914 2282 civibus,
935 2196 998 2264 sibi
1018 2221 1099 2265 vero
1120 2195 1197 2291 glo-

137 2302 220 2368 riam
239 2299 326 2367 facto
348 2298 548 2394 consilioque
565 2300 754 2368 vindicavit.
814 2344 817 2349 Δ

199 2460 276 2525 VII.
303 2460 487 2550 Tarquinio
507 2457 659 2551 Superbo
681 2459 970 2552 regnante-U.
990 2460 1029 2526 C.
1054 2461 1142 2544 242.

459 2567 556 2630 -Α,
572 2565 610 2631 C.
633 2559 717 2633 510.
746 2566 876 2656 Lycost.

191 2714 416 2815 *Tarquinius
434 2747 536 2816 quum
552 2722 621 2812 jam
633 2722 796 2816 Signiam,
819 2724 1037 2815 Cerceiosque
1058 2721 1198 2795 colonos

139 2828 299 2913 misisset,
320 2826 469 2921 praesidia
484 2827 570 2895 Urbi
587 2841 676 2894 terra
693 2829 841 2920 marique
859 2826 990 2914 futura,
1007 2827 1199 2922 prodigium

140 2931 296 3001 horribile
330 2935 435 3000 visum
470 2947 527 3001 est.
559 2933 684 3026 Anguis
713 2934 800 3000 enirn
830 2958 869 3000 ex
905 2931 1059 3001 columna
1090 2932 1200 3028 lignea

141 3037 288 3132 elapsus,
312 3063 379 3128 non
400 3052 527 3105 tantum
550 3051 710 3107 terrorem
732 3038 910 3131 fugamque
931 3039 965 3104 in
987 3038 1077 3132 regia
1102 3039 1199 3129 fecit,

141 3144 199 3212 sed
224 3144 325 3237 ipsius
351 3144 449 3210 etiam
476 3145 561 3236 regis
586 3144 731 3211 animum
758 3144 866 3212 subito
890 3168 1013 3236 pavore
1037 3144 1200 3238 perculit,

141 3250 308 3342 anxiisque
335 3249 422 3316 curis
452 3249 621 3316 universos
647 3248 802 3342 implevit.
828 3247 952 3342 Aquilae
980 3251 1096 3336 etiam,
1125 3275 1201 3345 quae

141 3356 237 3447 regiae
254 3353 505 3439 incumbebant,
526 3354 640 3421 nidum
663 3354 827 3441 fecerunt,
849 3356 884 3421 in
905 3379 970 3447 quo
990 3352 1072 3449 pulli
1087 3357 1201 3426 subito

140 3459 310 3527 vulturum
330 3460 465 3527 incursu
486 3459 640 3553 discerpti
661 3474 760 3528 sunt:
782 3459 871 3554 quod
897 3459 974 3527 mali
986 3460 1202 3531 vimminentis

141 3564 328 3658 prodigium
358 3589 427 3633 esse
456 3564 624 3659 putabant.
654 3568 735 3633 Mox
760 3591 835 3634 cum
861 3563 992 3634 Rutulis
1023 3564 1202 3655 bellatum,
1241 3560 1245 3565 ’

141 3670 250 3739 Ardea
266 3670 414 3738 obsessa:
434 3685 466 3738 et
491 3685 566 3764 post
592 3669 769 3738 nefandum
788 3672 956 3764 Tarquinii
979 3696 1054 3740 cum
1075 3674 1204 3743 Lucre-

141 3777 187 3842 tia
206 3776 346 3861 facinus,
365 3800 457 3870 reges
472 3791 549 3844 suut
566 3778 678 3845 exacti.
694 3778 888 3871 Tarquinius
908 3790 1018 3843 autem
1034 3775 1115 3845 dum
1133 3783 1202 3849 Ga·

141 3879 229 3964 bios,
250 3895 416 3974 tamquam
437 3883 470 3948 iu
489 3906 627 3974 regnum
646 3906 741 3949 suum
761 3883 1035 3976 proficisceretur,
1054 3885 1148 3953 canis
1168 3900 1205 3953 et

141 4010 274 4083 serpens
292 3990 390 4056 etiam
410 3988 518 4055 verbis
538 3989 698 4081 expressis
717 4002 794 4057 sunt
814 3987 965 4081 loquutae.
