2684 4830
1159 356 1212 403 vu

135 473 1218 513 mwwmmwumwbmmmmwmmmmw}

257 676 633 783 EDITORIS
684 677 1096 786 PRAEFATIO.

422 914 931 951 *ἥσσω-

126 1038 284 1156 'Fiunt
300 1106 409 1175 operae
423 1092 547 1150 nostrae
563 1079 643 1148 facit
659 1079 773 1149 isthaec
789 1078 969 1149 voluminis
986 1083 1122 1151 secundi
1136 1106 1216 1178 pare

138 1200 262 1288 altera,
278 1201 373 1294 cujus
398 1197 519 1293 duplex
546 1211 597 1267 est
622 1213 884 1291 argumentum:
907 1223 985 1268 narn
1009 1201 1074 1270 bac
1095 1203 1210 1274 eadem

137 1335 235 1414 parte
253 1335 287 1389 et
308 1319 604 1388 commentationes
621 1319 836 1386 continentur
854 1316 975 1387 librum
995 1320 1121 1390 Valerii
1139 1326 1213 1392 Ma·

137 1440 220 1508 ximi
234 1438 343 1534 aliqua
358 1439 487 1506 ratione
500 1435 721 1524 illustrantes3
736 1453 769 1506 et
785 1453 937 1508 auctores
949 1464 991 1508 eo
1003 1438 1115 1526 collati
1126 1459 1214 1532 sunt,

138 1573 198 1627 aut
215 1573 370 1628 notantes
392 1571 450 1626 aut
475 1555 678 1650 explicantes
700 1558 816 1651 signa,
834 1582 907 1650 quae
929 1584 949 1627 a
973 1561 1050 1629 Diis
1072 1560 1214 1630 homini·

136 1676 201 1746 bus
223 1675 302 1746 olim
324 1675 549 1746 credebantur
571 1675 737 1768 portendi.
763 1677 944 1769 Quumque
966 1677 1117 1772 plurimae
1137 1680 1213 1750 fue·

136 1799 206 1866 rint
221 1811 255 1864 et
272 1796 405 1890 quidem
426 1819 544 1889 graves
566 1818 695 1879 causae,
716 1820 777 1864 cur
792 1798 839 1863 sic
861 1799 1072 1889 potissimum
1092 1800 1213 1868 sitista

136 1942 215 2010 pars
233 1914 412 1985 voluminis
431 1914 610 2008 disposita,
632 1939 688 1995 eas
709 1928 928 2008 nostrumque
943 1916 1212 2016 inexsequendo

136 2061 277 2105 munere
289 2034 481 2121 consilium,
493 2034 640 2102 breviter
655 2024 979 2127 summatimquebic
991 2061 1210 2130 exponemus5

135 2171 174 2225 ut
194 2158 228 2224 in
245 2154 438 2249 praefatione
451 2154 551 2247 primi
565 2151 914 2247 voluminis3pag.X.9
933 2179 1046 2231 sumus
1063 2154 1210 2249 polliciti.

137 2268 141 2289 '
194 2276 420 2369 Scriptionum
443 2273 484 2340 de
507 2272 713 2340 divinatione
733 2273 1079 2366 agnrendueit'lonn
1099 2278 1211 2346 Osse-

134 2419 291 2478 Qnmtris
313 2393 397 2462 liber
418 2395 473 2461 De
498 2391 684 2485 Prodigiis,
705 2417 781 2470 cum
794 2389 1043 2485 :supplementis
1066 2395 1213 2463 Conradi

134 2515 356 2609 Lycosthenis
377 2528 410 2582 et
429 2510 770 2580 animadversionibus
786 2491 924 2579 loannis
946 2511 1130 2600 Sabellam,
1152 2515 1211 2583 ad·

130 2637 232 2728 jectis
248 2636 386 2721 nostris,
401 2635 428 2702 si
447 2656 513 2726 qua
530 2631 759 2725 explicationis
776 2655 872 2700 novae
890 2646 989 2724 atque
1006 2632 1212 2704 enodationis

134 2755 385 2822 arbitrabamur
405 2753 563 2846 indigere.
583 2749 875 2844 Complementum
892 2765 1006 2818 autem
1023 2776 1093 2820 esse
1107 2778 1213 2848 prope

134 2872 249 2942 dicam
272 2873 494 2960 necessarium
515 2869 640 2939 Valerii
662 2870 802 2936 Maximi
826 2866 903 2964 Julii
928 2869 1153 2964 Obsequentis
1173 2872 1215 2941 li·

134 2993 238 3059 brum
252 2991 450 3083 jamdudum
466 2989 549 3058 adeo
567 3003 779 3082 perspectum
795 3003 862 3074 est,
878 2965 916 3056 ut
934 3014 1023 3057 anno
1040 2990 1140 3084 hujus
1158 3019 1214 3063 sae·

136 3109 207 3178 culi
223 3125 316 3178 sexto
330 3111 372 3177 ab
394 3108 576 3177 editoribus
592 3108 764 3176 Societatis
783 3108 968 3201 Bipontinae
983 3108 1120 3180 Valerio
1132 3114 1211 3182 item

135 3234 180 3300 sit
198 3212 418 3326 subjunctus:
436 3255 580 3323 quorum
602 3229 833 3297 auctoritatem
852 3231 956 3297 secuti
976 3231 1211 3323 reprehensio·

133 3376 215 3419 nem
233 3350 418 3419 'doctorum
448 3349 490 3416 ab
514 3349 578 3416 hac
606 3363 701 3441 parte
722 3373 790 3416 non
817 3364 867 3416 est
888 3341 951 3435 (ut
976 3344 1100 3442 spero)
1120 3354 1211 3445 quod

133 3494 323 3538 vereamur.
343 3470 551 3562 Obsequenti
570 3467 757 3536 addidimus
775 3469 868 3561 quasi
888 3469 1117 3562 supplementa
1134 3499 1214 3566 qua·
1233 3469 1236 3474 ’

135 3604 244 3656 tuor:
273 3591 409 3656 loannis
440 3587 526 3680 Lydi
555 3589 665 3680 capita
693 3587 867 3680 quaedam,
892 3589 1209 3684 Astrampsycbum‚

133 3707 388 3800 Nicephorum,
413 3709 634 3774 Zoroastrem.
664 3709 717 3774 De
745 3710 848 3774 Iixno
870 3706 1006 3800 ejusque
1027 3712 1156 3805 scriptis
1176 3729 1210 3784 et

133 3826 191 3894 alii
219 3841 373 3898 accurate
400 3840 540 3919 egerunt
566 3852 572 3891 :
601 3824 769 3893 Harlesius
793 3824 996 3894 Bibliotheca
1022 3852 1129 3920 graeca
1154 3856 1210 3920 iv,

135 3970 212 4039 pag.
241 3942 323 4015 155.
345 3943 521 4014 Salmasius
545 3943 587 4011 ad
608 3943 835 4040 Simplicium,
853 3970 928 4038 pag.
948 3942 1033 4016 255.
1049 3951 1213 4022 Kusterus

135 4065 178 4132 ad
198 4064 358 4150 Suidatn,
377 4089 460 4133 voce
478 4050 613 4141 Ῑωάννης
635 4056 853 4155 Φιλαδελφεύς.
876 4065 1033 4139 Roivinus
1052 4067 1094 4134 ad
1114 4071 1213 4140 Nice.

135 4185 283 4278 phorum
303 4188 510 4278 Gregmnm,
531 4209 608 4278 pag.
628 4181 703 4278 786
725 4178 867 4272 (omitto
882 4177 1074 4278 reliquosl:
1093 4202 1126 4256 et
1144 4190 1218 4283 ipse
