2684 4830
487 372 866 443 Lucosrnaurs.
1186 348 1226 466 9'

137 507 234 576 verbi
247 504 411 595 destituti,
425 506 571 574 mantin
585 504 796 599 gravissimas
806 501 976 587 tenebras,
989 515 1089 596 atque
1100 526 1120 570 a
1132 527 1212 572 vera

138 612 274 708 pietatis
294 612 348 680 via
369 608 469 705 longe
489 610 653 679 aberrent.
671 608 762 699 Quid
778 611 881 704 igitur
896 607 1003 677 credis
1024 610 1212 696 Romanos,

137 718 261 814 quibus
278 719 350 813 ipsa
367 730 505 805 natura,
522 716 665 786 fecunda
681 741 794 785 rerum
812 729 936 802 mater,
950 728 1060 784 tantos
1078 717 1212 810 pietatis

138 823 302 921 igniculos
314 820 501 917 insculpsit,
514 822 662 892 facturos
673 823 789 909 firisse,
802 823 829 891 si
843 821 947 890 divini
963 821 1056 889 verbi
1075 820 1211 892 lucerna

138 924 495 1000 illuxisseti’Fateberis
509 931 686 1016 nimirum,
699 943 737 996 ut
747 928 925 997 virtutibus
939 928 1038 997 variis
1049 942 1083 996 et
1097 952 1210 999 rerum

140 1050 309 1132 gestarum
328 1034 433 1131 gloria
451 1051 602 1123 caeteras,
620 1059 695 1128 quac
708 1035 771 1103 sub
784 1049 949 1103 terrarum
964 1035 1046 1103 orbe
1058 1039 1210 1106 nationes

138 1157 236 1232 sunt,
256 1139 425 1229 uicerunt,
443 1143 489 1211 sic
510 1143 610 1210 etiam
631 1139 797 1235 religionis
820 1164 908 1209 veru
928 1140 1038 1209 studio
1057 1155 1210 1235 posteros

139 1274 241 1338 suos,
262 1249 318 1343 qui
338 1247 552 1319 christianam
577 1245 770 1342 religionem
795 1247 929 1315 nomine
953 1248 1084 1342 potius,
1108 1272 1208 1341 quam

138 1356 230 1425 facto
255 1354 473 1449 profitentur,
497 1352 608 1422 multis
631 1354 823 1448 parasangis
845 1377 1070 1447 praecursuros
1097 1352 1208 1424 fuisse.

138 1461 243 1550 Quod
258 1463 305 1529 ita
322 1461 465 1530 maxime
482 1459 730 1554 deprehendere
747 1458 843 1547 licet,
862 1461 889 1528 si
908 1460 983 1527 vitae
999 1461 1146 1529 actiones
1167 1485 1207 1531 ac

138 1569 270 1663 pietatis
282 1565 406 1654 zelum,
419 1565 593 1637 collatione
604 1565 747 1659 quadam
760 1590 837 1649 curn
851 1566 968 1658 priscis
981 1562 1043 1634 illis
1048 1568 1208 1637 Romanis

135 1675 245 1768 probe
262 1674 507 1742 examinaveris.
526 1673 763 1766 Apparuerunt
780 1672 868 1741 enim
887 1670 1062 1741 hominurn
1079 1697 1205 1741 memo·

136 1781 188 1848 ria
200 1779 329 1849 infinita
341 1792 376 1847 et
388 1777 555 1847 horrenda
570 1777 739 1872 prodigia,
757 1778 876 1871 quibus
890 1780 1000 1863 Deus,
1012 1779 1119 1872 justus
1134 1780 1205 1847 vin·

136 1884 222 1974 dex,
247 1886 332 1953 iram
356 1909 450 1953 suam
473 1883 600 1953 mundo
622 1885 766 1954 minatus
789 1898 858 1953 est:
884 1898 917 1952 et
937 1909 1010 1978 quae
1030 1884 1205 1973 Christus,

136 2016 268 2061 summa
288 1991 449 2085 sapientia
471 1990 592 2084 putris,
615 1989 678 2059 sub
697 1990 798 2059 finem
819 1990 934 2058 mundi
958 2005 1100 2060 ventura
1120 2016 1204 2085 prae·

136 2097 235 2186 dixit,
248 2101 348 2168 Lucae
360 2099 464 2165 xxl:
480 2100 597 2168 Erunt
607 2102 710 2191 arguet
724 2102 760 2166 in
773 2098 864 2181 sole,
883 2098 967 2165 luna
978 2112 1012 2165 et
1028 2099 1136 2166 stella
1140 2123 1154 2183 ,·
1168 2104 1204 2166 in

135 2210 238 2274 terris
261 2208 327 2273 erit
348 2208 512 2273 mantas
527 2209 679 2297 gentium
692 2227 762 2299 per
782 2203 1077 2298 desperationem,
1107 2229 1203 2274 reso-

135 2327 246 2380 nante
257 2314 349 2380 muri
359 2308 588 2401 etfluctz‘bru,
608 2309 907 2380 carabes-cenatus
923 2309 1113 2379 hominibus
1122 2335 1204 2406 prce

135 2422 379 2512 umoremque
389 2421 648 2512 exspectatione
657 2439 879 2511 eorumquae
886 2417 1207 2511 supervenientorbr'

134 2537 327 2610 terrarum,
351 2536 413 2591 etc.
429 2525 510 2592 Haec
528 2524 555 2592 si
572 2547 719 2617 unquam
732 2524 767 2591 in
780 2522 906 2593 mundo
919 2524 989 2592 visa
1004 2537 1099 2611 sunt,
1113 2538 1203 2593 certe

134 2631 251 2724 paucis
259 2630 338 2698 hinc
347 2626 464 2723 elapsis
473 2630 567 2698 annis
578 2632 655 2698 satis
668 2654 831 2724 superque
841 2631 1087 2724 conspeximus,
1098 2656 1202 2724 quum

133 2760 227 2806 nunc
246 2750 329 2822 tres,
345 2760 436 2802 nunc
454 2750 598 2829 quattror
613 2735 750 2830 eclipses
764 2738 798 2803 in
816 2761 921 2805 unum
937 2761 1060 2804 annum
1078 2738 1200 2806 incide·

133 2841 219 2927 rint,
241 2855 275 2909 et
291 2838 391 2910 stellae
408 2842 550 2926 crinitae,
567 2839 735 2936 lampades
754 2842 924 2930 ardentes,
947 2842 1035 2912 faces
1058 2843 1100 2911 de
1119 2843 1200 2913 caelo

133 2946 338 3034 decidentes,
354 2971 393 3015 ac
414 2946 477 3016 alia
497 2945 637 3016 caelestia
659 2948 812 3043 prodigia
833 2973 901 3016 non
916 2947 1102 3017 defuerint:
1125 2975 1199 3044 quae

133 3055 264 3123 etiamsi
288 3051 482 3123 naturaliter
507 3077 527 3120 a
550 3053 757 3148 philosophis
777 3054 851 3124 fieri
876 3055 1052 3140 dicantur,
1075 3055 1200 3124 habent

132 3173 248 3228 tamen
264 3185 339 3229 suas
355 3160 454 3228 etiam
475 3160 741 3254 supernaturales
760 3186 890 3248 causas,
906 3161 1025 3255 quibus
1045 3163 1113 3255 agit
1130 3162 1199 3230 dux

131 3265 618 3360 naturaeDeus,refragantibus
629 3269 749 3336 nostris
763 3267 954 3336 rationibus.
968 3265 1090 3356 Qualia
1100 3269 1198 3355 etiam

131 3385 226 3459 sunt,
240 3397 314 3465 quae
327 3380 416 3440 anno
426 3374 594 3467 praeterito
606 3373 696 3468 apud
705 3373 904 3443 Puteolanos
915 3399 1038 3469 magno
1048 3375 1196 3442 omnium

130 3477 273 3546 horrore
286 3477 490 3547 acciderunt:
507 3504 649 3573 quorum
665 3482 756 3574 regio
771 3480 903 3549 biennio
918 3480 986 3549 fere
998 3482 1126 3575 magnis
1135 3495 1198 3548 ter·

129 3608 177 3652 rae
185 3584 330 3652 motibus
339 3584 421 3653 adeo
430 3586 551 3680 agitata
560 3598 626 3673 est,
638 3600 676 3654 ut
687 3585 777 3655 nulla
786 3587 819 3654 in
829 3611 869 3656 eo
882 3601 1069 3681 superesset
1077 3587 1196 3656 domus

128 3689 273 3783 integra,
285 3688 414 3759 nullum
429 3690 620 3779 aedificium,
635 3691 725 3786 quod
740 3718 808 3762 nou
823 3707 949 3761 certam
964 3708 997 3762 et
1010 3696 1196 3788 proximam
1299 3682 1302 3687 ⁴

127 3796 260 3864 ruinam
270 3799 464 3866 minaretur.
473 3799 517 3866 At
526 3823 606 3867 vero
616 3800 732 3892 quinto
745 3813 779 3868 et
791 3814 911 3892 quarto
919 3798 1195 3870 kalendOctobr.

125 3903 299 3996 perpetuis
320 3903 435 3972 diebus
456 3918 545 3973 terra
562 3919 729 3975 commota
751 3921 822 3990 est,
845 3931 936 3974 mare
956 3908 1106 4000 passibus
1127 3908 1196 3977 fere

126 4009 368 4079 concessit:
388 4036 455 4105 quo
472 4011 604 4105 quidem
624 4010 699 4082 loco
716 4037 810 4107 aquae
825 4012 938 4083 dulces
953 4013 1102 4107 prosilire
1117 4013 1196 4084 visae
