2684 4830
237 335 284 420 34
330 374 335 381 ·
399 337 605 404 JUDICIA
633 337 699 401 DE
726 339 754 401 J.
784 337 1129 423 OBSEQUENTE.
1184 386 1193 408 i

232 463 448 562 polyliistoras
476 482 509 535 et
533 466 756 562 polygraphos
778 468 852 560 jure
875 469 1118 558 numerandus,
1142 473 1294 557 Lauren-

231 575 295 648 tius
317 574 500 667 Pignorius.

234 734 343 802 Olnus
366 730 558 798 Borrickius
581 733 616 797 in
643 729 913 823 Cogitationibus
936 731 979 799 de
1001 739 1108 802 cartu
1130 736 1294 805 oetatibus

528 836 655 929 linguae
673 836 809 921 lutinae,
824 859 912 930 pag.
938 860 992 930 19.
1204 831 1207 841 ’

284 996 343 1062 His
357 987 517 1082 (Minutio
532 991 652 1078 Felice,
670 993 858 1087 Spartiano,
874 987 1168 1089 Lampridi0,ctc.)
1182 997 1293 1069 adhuc

231 1101 418 1192 castigatior
443 1099 620 1192 puriorque
645 1113 798 1168 censetur
819 1097 923 1168 Julius
948 1100 1162 1195 Obsequens,
1183 1127 1203 1170 a
1221 1107 1291 1197 Ly-

231 1206 396 1274 costlienis
417 1203 645 1288 additamentis
661 1203 754 1272 liber.

283 1362 469 1456 Christopt.
490 1362 654 1431 cellarios
673 1365 708 1427 in
729 1362 826 1429 Curis
836 1361 1085 1454 posterioribzu
1105 1387 1181 1458 cup.
1204 1390 1236 1460 7.

617 1467 709 1533 Voce
731 1465 902 1556 Izy‘ernus.

281 1624 374 1691 Vixit
391 1621 445 1688 hic
459 1618 579 1705 Julius,
596 1619 715 1688 Vossio
732 1633 765 1687 et
779 1619 944 1688 Bocharto
962 1623 1186 1707 censentibus,
1204 1628 1292 1696 circa

229 1729 368 1798 Houorii
391 1742 556 1819 tempora,
575 1740 627 1813 ut,
647 1726 673 1794 si
694 1725 804 1793 omnia
827 1726 1064 1813 concedamus,
1088 1744 1200 1799 tamen
1221 1734 1292 1826 ipsa

228 1849 305 1904 aetas
331 1833 373 1901 ad
398 1831 599 1901 latinismum
626 1829 874 1918 stabiliendum,
903 1833 929 1900 si
954 1834 1139 1927 antiquiora
1165 1836 1291 1923 desint,

229 1943 336 2008 minus
359 1937 509 2006 sufficiat.

371 2176 373 2181 ,
404 2096 501 2163 Acta
521 2091 640 2160 erudit.
663 2095 753 2186 Laius.
785 2117 877 2187 1721
892 2147 902 2181 ,
916 2119 1003 2188 pag.
1031 2120 1111 2165 121.

281 2253 441 2322 Latinitas
466 2250 564 2341 hujus
589 2250 731 2317 auctoris
749 2241 1028 2343 (Obsequentis),
1048 2255 1096 2320 uti
1119 2269 1189 2322 erat
1212 2271 1290 2325 aetas

227 2358 389 2452 ejusdem,
407 2380 476 2424 non
494 2369 543 2422 est
558 2357 700 2447 optima,
719 2379 822 2447 eaque
838 2357 958 2424 criticis
973 2383 1057 2451 saepe
1071 2358 1183 2428 fucum
1201 2361 1288 2431 fecit.

227 2464 339 2533 Verba
365 2461 555 2556 peregrina,
574 2483 679 2546 nova,
702 2461 830 2551 poetica
851 2476 1005 2555 usurpat3
1029 2468 1291 2536 constructiones

228 2583 349 2655 mutat,
370 2582 408 2635 ut
429 2564 560 2660 quando
583 2565 763 2633 secundum
782 2580 816 2633 et
833 2581 987 2659 quartum
1008 2593 1101 2637 casus
1120 2596 1181 2664 pro
1197 2588 1291 2641 sexto

228 2677 330 2770 ponit.
359 2674 443 2761 Quae
469 2671 579 2739 omnia
606 2684 702 2737 antea
723 2669 910 2762 diligentius
932 2673 1168 2743 consideranda
1195 2693 1290 2765 sunt,

229 2805 329 2875 quana
350 2778 392 2846 ad
411 2777 608 2846 mutationes
626 2774 826 2851 deveniatur.

284 2945 463 3015 Fabricius
479 2942 564 3011 Bibl.
580 2943 639 3010 lat.
656 2941 710 3009 lib.
730 2939 767 3029 3,
780 2966 856 3037 cap.
874 2946 1135 3039 4,v0l.1,pug.
1153 2945 1173 3018 5
1179 2944 1238 3019 35.

280 3106 385 3175 Julius
407 3103 618 3195 Obsequens,
639 3100 679 3169 de
701 3101 794 3194 cujus
816 3103 921 3195 patria
943 3117 976 3170 et
998 3119 1093 3172 aetate
1114 3106 1196 3175 nihil
1219 3108 1289 3179 fere

229 3212 388 3308 explorati
409 3208 528 3277 afferre
553 3205 646 3292 licet,
674 3207 735 3275 nisi
763 3206 851 3299 quod
877 3209 1051 3302 castigatus
1073 3235 1200 3300 sermo,
1221 3240 1288 3308 quo

230 3321 352 3403 utitur,
377 3313 504 3382 meliori
533 3337 604 3380 aevo
633 3337 708 3380 eum
736 3312 906 3400 floruisse,
935 3329 969 3382 et
992 3340 1183 3408 praenomen
1209 3320 1290 3389 Julii

120 3475 123 3479 ·
229 3447 402 3493 romanum
423 3433 519 3514 gente
538 3417 636 3486 fuisse
652 3417 772 3486 indicio
792 3419 833 3486 sit
835 3470 944 3487 .......
968 3421 1100 3489 Livium
1120 3425 1288 3516 potissime

229 3543 384 3624 sequutus
401 3540 451 3594 est
468 3526 502 3591 in
519 3524 584 3591 hoc
601 3521 713 3592 libello
731 3521 835 3592 Julius
850 3524 1061 3619 ObsequenS,
1078 3528 1171 3620 cujus
1185 3531 1289 3601 verba

228 3639 326 3706 etiam
345 3634 533 3726 frequenter
551 3642 668 3698 servat.

349 3795 517 3861 Funccius
531 3787 574 3856 de
590 3790 626 3856 V
623 3802 722 3880 egeto
735 3789 773 3855 L.
787 3791 826 3856 L.
842 3804 964 3858 senect.
977 3814 1063 3884 pag.
1080 3815 1165 3888 707.
1270 3800 1272 3805 '

277 3949 496 4044 Obsequentis
523 3943 651 4014 libellus
677 3944 731 4013 ille
757 3946 909 4039 quidem,
936 3948 1111 4017 doctorum
1137 3953 1289 4022 omnium
